
@article{morris-suzuki_beyond_2015,
  title = {Beyond {{Racism}}: {{Semi}}-{{Citizenship}} and {{Marginality}} in {{Modern Japan}}},
  volume = {35},
  issn = {1037-1397},
  shorttitle = {Beyond {{Racism}}},
  doi = {10.1080/10371397.2015.1014469},
  abstract = {The special issue `Rethinking Race and Racism from Japanese Experiences' explores how racism operates in modern Japan. This article contributes to that exploration by examining how racism is situated within a nexus of interrelated forms of discrimination and marginalization. In the article I propose the notion of `semi-citizenship' as one framework which can help us to go beyond unfruitful zero-sum-game visions of marginalization put forward by racist groups such as the Zaitokukai in Japan. Rather than envisioning a dichotomous contrast between `citizen' and `non-citizen', the idea of semi-citizenship allows us to think of a range of different sets of social positions stretching towards the idealized vision of the `full citizen'. We can then start to consider how such social positions are distributed within modern societies, how they are influenced by factors such as ethnicity, gender and physical and mental attributes, and how the distribution changes over time. This approach offers a common ground on which various kinds of marginalization may be related and understood together, potentially providing a basis for collaborative work to create a more equitable Japanese society.},
  timestamp = {2016-05-01T10:22:31Z},
  number = {1},
  urldate = {2016-03-16},
  journal = {Japanese Studies},
  author = {Morris-Suzuki, Tessa},
  month = jan,
  year = {2015},
  note = {Paper door Morris-Suzuki Tessa over Japans xenofobie en de Zainichi diaspora, met verwijzing naar groeperingen als de Zaitokukai, gekadert in de verschuiving van de notie "identiteit" als gevolg van globalisatie, en overheidsbeleid tov minderheidsgroepen en immigranten.},
  pages = {67--84},
  file = {Full Text PDF:C\:\\Users\\stevie\\AppData\\Roaming\\Mozilla\\Firefox\\Profiles\\fkdd9tw5.default\\zotero\\storage\\SI2V3NGQ\\Morris-Suzuki - 2015 - Beyond Racism Semi-Citizenship and Marginality in.pdf:application/pdf;Snapshot:C\:\\Users\\stevie\\AppData\\Roaming\\Mozilla\\Firefox\\Profiles\\fkdd9tw5.default\\zotero\\storage\\U8RMCHFG\\10371397.2015.html:text/html},
  groups = {Zaitokukai}
}

@article{penney_racists_2013,
  series = {The Asia-Pacific Journal},
  title = {``{{Racists Go Home}}!'', ``{{Go Crawl Back}} to the {{Net}}!'' \textendash{} {{Anti}}-{{Racism Protestors Confront}} the {{Zaitokukai}}},
  volume = {Issue 16},
  timestamp = {2016-05-01T15:30:20Z},
  urldate = {2016-03-16},
  author = {Penney, Matthew},
  month = apr,
  year = {2013},
  note = {Nog een artikel over de Zaitokukai en het internet, met wat focus op hun agressieve retoriek, en op Yasuda's Netto to Aikoku, een van mijn waarschijnlijk belangrijkste Japanse bronnen. Belangrijkste boodschap is dat de real live demonstraties vaak gepaard gaan met een grotere anti-racism demonstratie.},
  file = {“Racists Go Home!”, “Go Crawl Back to the Net!” – Anti-Racism Protestors Confront the Zaitokukai ！！ | The Asia-Pacific Journal\: Japan Focus:C\:\\Users\\stevie\\AppData\\Roaming\\Mozilla\\Firefox\\Profiles\\fkdd9tw5.default\\zotero\\storage\\WW32PMEH\\article.html:text/html},
  groups = {Zaitokukai}
}

@article{fackler_japanese_2013,
  address = {New York, N.Y., United States},
  chapter = {A},
  title = {Japanese {{Court Fines Rightist Group Over Protests}} at a {{School}} in {{Kyoto}}:~[{{Foreign Desk}}]},
  copyright = {Copyright New York Times Company Oct 8, 2013},
  issn = {03624331},
  shorttitle = {Japanese {{Court Fines Rightist Group Over Protests}} at a {{School}} in {{Kyoto}}},
  abstract = {According to the suit filed by the school against members of the Zaitokukai, several children have since complained of stomach pains from anxiety and stress.},
  language = {English},
  timestamp = {2017-05-28T14:30:03Z},
  urldate = {2016-03-16},
  journal = {New York Times,~Late Edition (East Coast)},
  author = {Fackler, Martin},
  month = oct,
  year = {2013},
  note = {Nog een NYTimes artikel door Fackler over de Zaitokukai, met focus op een rechtzaak tegen de Zaitokukai voor schade aan een Chosen Soren Zainichi Koreaanse basisschool in Kyoto.},
  keywords = {Court decisions,Demonstrations \& protests,Elementary schools,General Interest Periodicals--United States,Nazi groups},
  pages = {A.10},
  file = {Full Text Snapshot:C\:\\Users\\stevie\\AppData\\Roaming\\Mozilla\\Firefox\\Profiles\\fkdd9tw5.default\\zotero\\storage\\ZJQE27DR\\1.html:text/html},
  groups = {Zaitokukai}
}

@article{rumi_koreans_2011,
  series = {The Asia-Pacific Journal},
  title = {'{{Koreans}}, {{Go Home}}!' {{Internet Nationalism}} in {{Contemporary Japan}} as a {{Digitally Mediated Subculture}} | {{The Asia}}-{{Pacific Journal}}: {{Japan Focus}}},
  volume = {Volume 9, Issue 10, Number 2},
  timestamp = {2016-05-01T15:46:33Z},
  urldate = {2016-03-16},
  author = {Rumi, Sakamoto},
  month = mar,
  year = {2011},
  note = {Artikel over het online exclusieve discourse gehanteerd door de netouyo, op sites als 2-channeru. Koppelt het het aan de sociale problemen die gepaard gaan met de economische stagnatie en het Shinzo Abe beleid. Argument dat bepaalde aspecten van het internet in Japan bijdragen tot een nieuw soort nationalisme of toch zeker nieuw leven blazen in een historisch nationalisme sluiten aan bij mijn punt. Uitgebreide, nuttige referentielijst. Gegrond in allerlei andere studies over nationalisme en het internet. Waarschijnlijk een van de belangrijkste bronnen in mijn paper.},
  file = {'Koreans, Go Home!' Internet Nationalism in Contemporary Japan as a Digitally Mediated Subculture | The Asia-Pacific Journal\: Japan Focus:C\:\\Users\\stevie\\AppData\\Roaming\\Mozilla\\Firefox\\Profiles\\fkdd9tw5.default\\zotero\\storage\\DFTXA3F7\\article.html:text/html},
  groups = {Nettouyoku}
}

@article{mcneill_battle_2009,
  title = {'{{A}} Battle for {{Japan}}'s Future'},
  abstract = {Despite being Japan's most densely populated area, Warabi rarely causes a blip on the national media radar. Set in a rusting corner of Saitama Prefecture,},
  timestamp = {2017-05-28T14:27:27Z},
  urldate = {2016-03-19},
  journal = {The Japan Times},
  author = {Mcneill, David},
  month = apr,
  year = {2009},
  note = {Vrij linksgetint Japan Times artikel over een Zaitokuku protestacties tegen twee illegale Filipijnse immigranten en hun 13-jarige dochter, die eerder een speciale vergunning kreeg om in Japan school te mogen blijven volgen.},
  file = {Snapshot:C\:\\Users\\stevie\\AppData\\Roaming\\Mozilla\\Firefox\\Profiles\\fkdd9tw5.default\\zotero\\storage\\34KFKF36\\a-battle-for-japans-future.html:text/html},
  groups = {Zaitokukai}
}

@misc{izumi_mihashi_confessions_2015,
  title = {Confessions of {{Former Japanese}} `{{Netto}}-{{Uyoku}}' {{Internet Racists}} $\cdot$ {{Global Voices}}},
  abstract = {Japanese online commenters who engaged in hate speech say they were attracted to the world of far-right Internet commenting in order to stop feeling lonely.},
  timestamp = {2016-04-30T22:02:39Z},
  urldate = {2016-03-19},
  journal = {Global Voices},
  author = {Izumi Mihashi},
  month = mar,
  year = {2015},
  note = {Global Voices is een internationaal non-profit platform voor amateur-journalisten maar heeft verschillende toelages van o.a. Reuters ontvangen. Deze blog bevat enkele vertalingen van berichten van "former netouyo" die hun intrede in deze mentaliteit steken op eenzaamheid en de overtuigingskracht van anderen op anonieme matome websites.},
  file = {Snapshot:C\:\\Users\\stevie\\AppData\\Roaming\\Mozilla\\Firefox\\Profiles\\fkdd9tw5.default\\zotero\\storage\\HJT2BMDD\\confessions-of-former-japanese-netto-uyo-internet-racists.html:text/html},
  groups = {Nettouyoku}
}

@book{hollihan_dispute_2014,
  series = {Palgrave Macmillan Series in International Political Communication},
  title = {The Dispute over the {{Diaoyu}}/{{Senkaku Islands}}: How Media Narratives Shape Public Opinion and Challenge the Global Order},
  isbn = {978-1-137-44336-6},
  shorttitle = {The Dispute over the {{Diaoyu}}/{{Senkaku Islands}}},
  abstract = {The book examines the controversy between China and Japan over the Diaoyu/Senkaku islands. Although the islands are described in US media as unpopulated specks of land, in both China and Japan they are seen as vital parts of the motherland. Japan claims that it 'discovered' these unclaimed islands in the late 19th century and annexed them to Okinawa. Conversely, China says that these islands have been Chinese for centuries and that Japan seized them during its period of imperial expansion. The book dissects the historical narratives of the islands, investigating the ways in which these stories have shaped each nation's understanding of the dispute. It also investigates how both traditional and social media discussed the controversy. Chapter in the book analyze how governments used the media to reach domestic and international audiences, fueling public passions and escalating the risk of war.},
  language = {English},
  timestamp = {2016-04-30T15:44:43Z},
  urldate = {2016-03-25},
  author = {Hollihan, Thomas A},
  year = {2014},
  note = {Uitvoerig onderzoek naar het Liancourt Eilanden territoriaal geschil en de weergave hiervan in zowel klassieke als nieuwe media.  Hoofdstuk 7 gaat specifiek over de reactie op Japanse sociale media en de netouyo. Als meest uitgebreide Engelstalige bron over de Netouyo, met een sterk theoretisch kader, wordt dit waarschijnlijk een belangrijk onderdeel van mijn paper.},
  annote = {primary source?},
  groups = {Nettouyoku}
}

@misc{shibata_japans_2015,
  title = {Japan's `{{Cyber Nationalists}}' {{Are Convinced}} That {{MERS Started}} in {{Korea}}},
  abstract = {The Netto-Uyoku are using the tragic outbreak as an opportunity to spread more nationalistic fervor online.},
  timestamp = {2016-05-01T15:57:14Z},
  urldate = {2016-03-25},
  howpublished = {\url{http://motherboard.vice.com/read/japans-cyber-nationalists-are-convinced-that-mers-started-in-korea}},
  journal = {Motherboard},
  author = {Shibata, Mari},
  month = jun,
  year = {2015},
  note = {Artikel op een subplatform van Vice Magazine, Motherboard over de reactie van de rechtse online stem in Japan op de de opkomst van MERS, dat in 2015 voor het eerst voorkwam in Korea. Verklaart dat 2chan de kracht heeft racist remarks trending te maken op mainstream social networking sites.},
  file = {Snapshot:C\:\\Users\\stevie\\AppData\\Roaming\\Mozilla\\Firefox\\Profiles\\fkdd9tw5.default\\zotero\\storage\\DMXQ99R3\\japans-cyber-nationalists-are-convinced-that-mers-started-in-korea.html:text/html},
  groups = {Nettouyoku}
}

@article{the_economist_spin_2014,
  title = {Spin and Substance; {{Hate}} Speech in {{Japan}}},
  copyright = {(Copyright 2014 The Economist Newspaper Ltd. All rights reserved.)},
  issn = {00130613},
  abstract = {In Tokyo's Shin-Okubo neighbourhood, home to one of the largest concentrations of Koreans in Japan, many people say the level of anti-foreigner vitriol--on the streets and on the internet--is without modern precedent. Perhaps for the first time, this is becoming a problem for Japan's politicians and spin doctors. The clock is counting down to the Tokyo Olympics in 2020, and lawmakers are coming under pressure to rein in the verbal abuse and outright hate speech directed at non-Japanese people, chiefly Koreans.},
  language = {English},
  timestamp = {2017-05-28T14:32:27Z},
  urldate = {2016-03-25},
  journal = {The Economist},
  author = {The Economist},
  month = sep,
  year = {2014},
  note = {Economist artikel over de reactie van de overheid tegenover hatespeech en de Zaitokukai.},
  keywords = {Business And Economics--Economic Situation And Conditions,Business And Economics--Economic Systems And Theories,Economic History,Events planning,Government executives,International,Olympic games,Political behavior,Racial discrimination,Social life \& customs},
  pages = {41--42},
  file = {Full Text Snapshot:C\:\\Users\\stevie\\AppData\\Roaming\\Mozilla\\Firefox\\Profiles\\fkdd9tw5.default\\zotero\\storage\\EFA27ZGR\\1.html:text/html},
  groups = {Zaitokukai}
}

@book{berry_cultural_2009,
  title = {Cultural {{Studies}} and {{Cultural Industries}} in {{Northeast Asia}}},
  isbn = {978-962-209-974-6},
  timestamp = {2016-04-30T14:19:35Z},
  urldate = {2016-03-31},
  publisher = {{Hong Kong University Press}},
  author = {Berry, Chris and Liscutin, Nicola and Mackintosh, Jonathan D.},
  month = may,
  year = {2009},
  note = {Specifiek het 4de deel "Nationalism and Transnationalism: The Case of Korea and Japan" lijkt relevant te zijn, met focus op populaire media voor het verspreiden van een neonationalistische boodschap. Hoofdstuk 10 is een casestudy van Manga Kenkanry{\=u}.},
  groups = {Nettouyoku}
}

@article{dudden_memories_2010,
  series = {The Asia-Pacific Journal},
  title = {Memories and {{Aporias}} in the {{Japan}}-{{Korea Relationship}}},
  volume = {Volume 8, Issue 14, Number 3},
  timestamp = {2016-04-30T14:53:19Z},
  urldate = {2016-03-31},
  author = {Dudden, Alexis},
  month = apr,
  year = {2010},
  note = {Essay over de opkomst van de Zaitokukai en de politieke achtergrond die hier vorm tot gaf, geschreven door een expert in Japan/Korea relaties onder toezicht van Tessa Morris-Suzuki.},
  file = {Memories and Aporias in the Japan-Korea Relationship | The Asia-Pacific Journal\: Japan Focus:C\:\\Users\\stevie\\AppData\\Roaming\\Mozilla\\Firefox\\Profiles\\fkdd9tw5.default\\zotero\\storage\\QZV38NEP\\article.html:text/html},
  groups = {Zaitokukai}
}

@article{morris-suzuki_freedom_2013,
  series = {The Asia-Pacific Journal},
  title = {Freedom of {{Hate Speech}}; {{Abe Shinzo}} and {{Japan}}'s {{Public Sphere}}},
  volume = {Volume 11, Issue 8, Number 1},
  timestamp = {2016-05-01T10:45:41Z},
  urldate = {2016-03-31},
  author = {Morris-Suzuki, Tessa},
  month = feb,
  year = {2013},
  note = {Nog een artikel dat de Zainichi en het rechtse discours op sites als 2channel plaatst in het huidig politieke beleid van Shinzo Abe.},
  file = {Freedom of Hate Speech\; Abe Shinzo and Japan's Public Sphere （） | The Asia-Pacific Journal\: Japan Focus:C\:\\Users\\stevie\\AppData\\Roaming\\Mozilla\\Firefox\\Profiles\\fkdd9tw5.default\\zotero\\storage\\24WN5IX6\\article.html:text/html},
  groups = {Nettouyoku}
}

@article{nikaido_yuki_heitosupiichi_2016,
  title = {ヘイトスピーチ、３年半で１１５２件 政府が初の調査：朝日新聞デジタル},
  abstract = {特定の人種や民族への差別をあおるヘイトスピーチについて、政府が初めて実施した実態調査の概要がわかった。２０１２年４月～１５年９月に計１１５２件の発生を確認し、「減少傾向にあるが、沈静化したとは言えな},
  timestamp = {2017-05-28T14:29:17Z},
  urldate = {2016-03-31},
  journal = {朝日新聞デジタル},
  author = {⼆階堂, 友紀},
  month = mar,
  year = {2016},
  file = {Snapshot:C\:\\Users\\stevie\\AppData\\Roaming\\Mozilla\\Firefox\\Profiles\\fkdd9tw5.default\\zotero\\storage\\B56FSEEM\\ASJ3X7WYZJ3XUUPI004.html:text/html},
  groups = {Zaitokukai}
}

@misc{shibuichi_emerging_2013,
  title = {Emerging Hate Groups in {{Japan}}},
  abstract = {Author: Daiki Shibuichi, Centennial College, Hong Kong What does a high-school graduate who has only known part-time work have in common with an elite},
  timestamp = {2016-05-01T16:06:03Z},
  urldate = {2016-03-31},
  journal = {East Asia Forum},
  author = {Shibuichi, Daiki},
  month = jul,
  year = {2013},
  note = {Artikel op East Asia Forum over het ontstaan van de Zaitokukai en de link met Nico Nico Douga en 2-Channel.},
  file = {Snapshot:C\:\\Users\\stevie\\AppData\\Roaming\\Mozilla\\Firefox\\Profiles\\fkdd9tw5.default\\zotero\\storage\\68DAKUNU\\emerging-hate-groups-in-japan.html:text/html},
  groups = {Zaitokukai}
}

@article{mie_xenophobia_2013,
  title = {Xenophobia Finds Fertile Soil in Web Anonymity},
  issn = {0447-5763},
  abstract = {As diplomatic strains with China and South Korea worsen over territorial disputes, more and more Japanese are using the relative anonymity of cyberspace to},
  language = {en-US},
  timestamp = {2016-05-01T10:12:41Z},
  urldate = {2016-03-31},
  journal = {The Japan Times Online},
  author = {Mie, Ayako},
  month = jan,
  year = {2013},
  note = {Japan Times artikel over de Netouyo en Zaitokukai dat Daisuke Tsuji's 2008 onderzoek over "internetverrechtsing" gebruikt als bron. Toen werd 1.3\% van hevige internetgebruikers geschat tot de "netouyo" categorie te horen.},
  annote = {Voor discours mss?},
  file = {Japan Times Snapshot:C\:\\Users\\stevie\\AppData\\Roaming\\Mozilla\\Firefox\\Profiles\\fkdd9tw5.default\\zotero\\storage\\8J2DN4XH\\xenophobia-finds-fertile-soil-in-web-anonymity.html:text/html},
  groups = {Nettouyoku}
}

@techreport{tsuji_intanetto_2008,
  title = {インターネットにおける「右傾化」現象に関する実証研究},
  timestamp = {2017-05-28T12:54:03Z},
  institution = {大阪大学大学院},
  author = {Tsuji, Daisuke},
  month = sep,
  year = {2008},
  note = {Rapport uitgebracht in 2008 door een associate professor aan Osaka University met uitgebreid onderzoek en statistieken over "internetverrechtsing" en de sociale status van deze personen.  Licht gedateerd maar nuttige cijfers.},
  file = {report04.pdf:C\:\\Users\\stevie\\AppData\\Roaming\\Mozilla\\Firefox\\Profiles\\fkdd9tw5.default\\zotero\\storage\\WEP2P3WZ\\report04.pdf:application/pdf},
  groups = {Nettouyoku}
}

@article{murai_net_2012,
  series = {MediAsia},
  title = {Net {{Uyoku}}: {{A Global Confrontation}} of {{Radical Nationalism}} in the {{Borderless World}}},
  shorttitle = {Net {{Uyoku}}},
  timestamp = {2017-05-28T12:52:24Z},
  urldate = {2016-04-01},
  journal = {The Asian Conference on Media and Mass Communication},
  author = {Murai, Shusuke},
  year = {2012},
  note = {Paper die de netouyo en het exlusief internetdiscours in Japan theoretisch probeert te verklaren. Komt ongeveer overeen met wat ik wil doen, dus wordt ongetwijfeld een belangrijke bron.},
  file = {MediAsia2012_0164.pdf:C\:\\Users\\stevie\\AppData\\Roaming\\Mozilla\\Firefox\\Profiles\\fkdd9tw5.default\\zotero\\storage\\6WTJRG9X\\MediAsia2012_0164.pdf:application/pdf},
  groups = {Nettouyoku}
}

@misc{z.n._kokumin_2011,
  title = {国民が知らない反日の実態 - ネット右翼の正体},
  abstract = {「国民が知らない反日の実態」は、日本への非難に関する疑問点や矛盾点、 左翼の動向・関連情報をまとめるサイトです。},
  timestamp = {2017-05-28T13:12:21Z},
  urldate = {2016-04-01},
  journal = {国民が知らない反日の実態},
  author = {Z.N.},
  year = {2011},
  note = {Eerder een primaire bron: wiki-style propagandapagina die zogezegde anti-Japanse waarheden bevat die verborgen worden door de massacommunicatie en de Japanse bevolking wilt inlichtingen hierover. Deze pagina gaat over de term netouyo zelf.},
  annote = {Propaganda},
  file = {Snapshot:C\:\\Users\\stevie\\AppData\\Roaming\\Mozilla\\Firefox\\Profiles\\fkdd9tw5.default\\zotero\\storage\\UD3E5QFJ\\446.html:text/html},
  groups = {Nettouyoku}
}

@misc{kobayashi_after_2013,
  title = {After {{Tsunami}}, {{Japanese Media Swept}} up in {{Wave}} of {{Distrust}} - {{Magazine}} | {{European Journalism Centre}} ({{EJC}})},
  abstract = {The European Journalism Centre (EJC) provides you with all the news and background you need to know about journalism, media, the news industry, and the internet - in Europe and the world.},
  timestamp = {2016-05-01T09:49:10Z},
  urldate = {2016-04-01},
  howpublished = {\url{http://ejc.net/magazine/article/after-tsunami-japanese-media-swept-up-in-wave-of-distrust}},
  journal = {European Journalism Centre (EJC)},
  author = {Kobayashi, Ginko},
  month = mar,
  year = {2013},
  note = {European Journalism Centre is een non-profit onafhankelijk plaform voor journalisten. het artikel plaatst de aardbeving van 11 maart 2011 wegens het wantrouwen in gewone media als de echte doorbraak van internet media als een alternatieve manier om nieuws te vinden},
  file = {Snapshot:C\:\\Users\\stevie\\AppData\\Roaming\\Mozilla\\Firefox\\Profiles\\fkdd9tw5.default\\zotero\\storage\\N5H2JAHS\\after-tsunami-japanese-media-swept-up-in-wave-of-distrust.html:text/html},
  groups = {Nettouyoku}
}

@book{yasuda_netto_2012,
  address = {T{\=o}ky{\=o}},
  series = {G2 book},
  title = {Netto to {{Aikoku}}: {{Zaitokukai}} No "Yami" o Oikakete},
  isbn = {978-4-06-217112-0},
  lccn = {JC311 .Y37 2012},
  shorttitle = {Netto to Aikoku},
  timestamp = {2017-05-28T12:50:24Z},
  publisher = {{K{\=o}dansha}},
  author = {Yasuda, K{\=o}ichi},
  year = {2012},
  note = {Belangrijkste gepubliceerd boek over Netouyo en groeperingen als de Zaitokukai, geschreven door bekend journalist Yasuda K{\=o}ichi en gepubliceerd door de openlijk links-geaffili{\"e}erde G2 subdivisie van Kodansha. Wordt waarschijnlijk de belangrijkste Japanse bron in mijn paper.},
  keywords = {Ethnic relations Societies; etc,Japan,Korean,Nationalism,Societies; etc,Zainichi Tokken o Yurusanai Shimin no Kai},
  annote = {Links getint = koudansha},
  groups = {Nettouyoku}
}

@misc{shiobara_places_2014,
  title = {Places for Dialoge with Others: {{A}} Short Reflection on the Emergence of Racism and the Possibility of Educational Practices of Everyday Multiculturalism in Contemporary {{Japan}} @ {{Fusion Journal}}},
  timestamp = {2016-05-01T16:12:43Z},
  urldate = {2016-04-01},
  howpublished = {\url{http://www.fusion-journal.com/issue/005-fusion-changing-patterns-and-critical-dialogues-new-uses-of-literacy/places-for-dialoge-with-others-a-short-reflection-on-the-emergence-of-racism-and-the-possibility-of-educational-practices-of-everyday-multiculturalism-in-contemporary-japan/}},
  author = {Shiobara, Yoshikazu},
  month = apr,
  year = {2014},
  note = {Transcript van een presentatie door Dr. Yoshikazu Shiobara van Keiou University over racisme in hedendaags Japans (met de Zaitokukai als voorbeeld, en exlusief discourse op het internet) als geen gevolg van maatschappelijke veranderingen onder een neoliberaal beleid.},
  file = {Places for dialoge with others\: A short reflection on the emergence of racism and the possibility of educational practices of everyday multiculturalism in contemporary Japan @ Fusion Journal:C\:\\Users\\stevie\\AppData\\Roaming\\Mozilla\\Firefox\\Profiles\\fkdd9tw5.default\\zotero\\storage\\39T3DNUV\\places-for-dialoge-with-others-a-short-reflection-on-the-emergence-of-racism-and-the-possibilit.html:text/html},
  groups = {Zaitokukai}
}

@misc{nakano_japanese_2014,
  title = {Japanese {{Xenophobia}} and the {{Internet}}: {{What Enabled}} the {{Hate Speech}} to {{Shift}} from {{On}}-Line to {{Off}}-Line? （日本型排外主義とネット：ヘイトスピーチのオンラインからオフラインへの移行を探る）},
  shorttitle = {Japanese {{Xenophobia}} and the {{Internet}}},
  abstract = {在日韓国人をはじめとした日本国外にルーツを持つ人々を標的にした街中でのデモが活発化したことで、近年問題視されるようになったヘイトスピーチに代表される排外主義。しかし、実際はインターネットが普及し始めた９０年代後半からネット上のサイバースペース（オンライン）では排外主義的差別発言は存在し、多くは規制されずに放置されてきたがために、''熟成''されてきた。それが今回、デモという形で路上（オフライン）\ldots{}},
  timestamp = {2016-05-01T19:02:21Z},
  urldate = {2016-04-01},
  journal = {Cosmopolitan State of Mind},
  author = {Nakano, Kei},
  month = dec,
  year = {2014},
  note = {Blijkbaar een paper geschreven door een Japanse masterstudent aan Harvard University voor een vak ``Exploring Race and Community in the Digital World'' (met een abstract in het Japans). Wegens de publicatie op een lege blogsite onder de naam "tigerkay" is het een vreemd iets, maar desondanks is het een mooi opgebouwde en geannoteerde paper met nuttige bronnen en cijfers over de Zaitokukai en Netouyo, en een analyse van veelgebruikte platformen (Niconicodouga, Hosyusokuhou) en het taalgebruik daarop. Zeker nuttig als referentiewerk.},
  annote = {Nice artikel
~
Zaitokukai broadcast live on-line ?!},
  file = {Snapshot:C\:\\Users\\stevie\\AppData\\Roaming\\Mozilla\\Firefox\\Profiles\\fkdd9tw5.default\\zotero\\storage\\ZC87FRS4\\japanese-xenophobia-and-the-internet-what-enabled-the-hate-speech-to-shift-from-on-line-to-off-.html:text/html},
  groups = {Nettouyoku}
}

@article{the_japan_times_korean_2014,
  title = {Korean Resident of {{Japan}} Sues {{Zaitokukai}} over Hate Speech, Defamation},
  issn = {0447-5763},
  abstract = {A Korean resident of Japan sues an anti-Korean group and its chairman for about \textyen{}5.5 million over emotional trauma allegedly inflicted by hate speech.},
  language = {en-US},
  timestamp = {2017-05-28T14:30:39Z},
  urldate = {2016-04-01},
  journal = {The Japan Times Online},
  author = {The Japan Times},
  month = aug,
  year = {2014},
  note = {Japan Times artikel over een aanklacht tegen de Zaitokukai wegens hatespeech en defamation.},
  file = {Japan Times Snapshot:C\:\\Users\\stevie\\AppData\\Roaming\\Mozilla\\Firefox\\Profiles\\fkdd9tw5.default\\zotero\\storage\\238ZWWET\\korean-resident-of-japan-sues-zaitokukai-over-hate-speech-defamation.html:text/html},
  groups = {Zaitokukai}
}

@misc{_heitosupiichi_2016,
  title = {ヘイトスピーチ、３年半で１１５２件 政府が初の調査},
  abstract = {特定の人種や民族への差別をあおるヘイトスピーチについて、政府が初めて実施した実態調査の概要がわかった。２０１２年４月～１５年９月に計１１５２件の発生を確認し、「減少傾向にあるが、沈静化したとは言えな},
  timestamp = {2016-05-01T15:15:33Z},
  urldate = {2016-03-31},
  howpublished = {\url{http://www.asahi.com/articles/ASJ3X7WYZJ3XUUPI004.html}},
  journal = {Asahi Shinbun Dijitaru 朝日新聞デジタル},
  author = {Nikaido, Yuki},
  month = mar,
  year = {2016},
  note = {Asahi Shinbun artikel rond een pas gepubliceerd onderzoek rond racistische demonstraties door groeperingen als de Zaitokukai: 1152 gevallen tussen april 2012 en september 2015.},
  file = {Snapshot:C\:\\Users\\stevie\\AppData\\Roaming\\Mozilla\\Firefox\\Profiles\\fkdd9tw5.default\\zotero\\storage\\JWXA38WK\\ASJ3X7WYZJ3XUUPI004.html:text/html},
  groups = {Zaitokukai}
}

@article{ghosh_japans_2014,
  title = {Japan's {{Far}}-{{Right}}: {{Nostalgia For Imperial Past}}, {{Or Dire Threat To Future}}?},
  shorttitle = {Japan's {{Far}}-{{Right}}},
  abstract = {Japan does indeed have numerous, mostly fragmented and splintered, far-right groups.},
  timestamp = {2017-05-28T14:30:28Z},
  urldate = {2016-04-06},
  journal = {International Business Times},
  author = {Ghosh, Palash},
  year = {2014-03-19T13:41:30-04:00},
  note = {International Business Times artikel dat een 2014 accident omtrend vandalisme van Anne Frank's dagboek in verschillende boekenzaken beschrijft en het huidig politiek discours als aanleiding voor de Zaitokukai en een nieuw populistisch nationalisme bekijkt.},
  file = {Snapshot:C\:\\Users\\stevie\\AppData\\Roaming\\Mozilla\\Firefox\\Profiles\\fkdd9tw5.default\\zotero\\storage\\JIF4SGDR\\japans-far-right-nostalgia-imperial-past-or-dire-threat-future-1562371.html:text/html},
  groups = {Zaitokukai}
}

@article{itagaki_anatomy_2015,
  title = {The {{Anatomy}} of {{Korea}}-Phobia in {{Japan}}},
  volume = {35},
  issn = {1037-1397},
  doi = {10.1080/10371397.2015.1007496},
  abstract = {This article explores the history and theoretical implications of Korea-phobia in Japan, focusing on hate incidents such as a demonstration by the Zaitokukai group which hoisted flags and blasted hate speech through a loudspeaker at an elementary school for Korean children in Kyoto in 2009. An analysis of such speech reveals that these actions are not so new, and instead rely on what we might call the historical layers of Korea-phobia in Japan. Korea-phobia in contemporary Japan must be understood from a historical perspective that traces anti-Korean racism back to the opening decade of the twentieth century when Japan seized Korea as a colony.},
  timestamp = {2016-04-30T21:46:55Z},
  number = {1},
  urldate = {2016-04-10},
  journal = {Japanese Studies},
  author = {Itagaki, Ryuta},
  month = jan,
  year = {2015},
  note = {Nuttig artikel over korea-fobie in Japan op het internet en door groeperingen als Zaitokukai},
  pages = {49--66},
  file = {Full Text PDF:C\:\\Users\\stevie\\AppData\\Roaming\\Mozilla\\Firefox\\Profiles\\fkdd9tw5.default\\zotero\\storage\\GTX3DDJH\\Itagaki - 2015 - The Anatomy of Korea-phobia in Japan.pdf:application/pdf;Snapshot:C\:\\Users\\stevie\\AppData\\Roaming\\Mozilla\\Firefox\\Profiles\\fkdd9tw5.default\\zotero\\storage\\5895TAUA\\10371397.2015.html:text/html},
  groups = {Nettouyoku}
}

@article{yamaguchi_xenophobia_2013,
  title = {Xenophobia in {{Action}}: {{Ultranationalism}}, {{Hate Speech}}, and the {{Internet}} in {{Japan}}},
  volume = {2013},
  issn = {0163-6545, 1534-1453},
  shorttitle = {Xenophobia in {{Action}}},
  doi = {10.1215/01636545-2210617},
  language = {en},
  timestamp = {2016-05-01T18:37:26Z},
  number = {117},
  urldate = {2016-04-10},
  journal = {Radical History Review},
  author = {Yamaguchi, T.},
  month = oct,
  year = {2013},
  note = {Uitgebreid geannoteerde paper over de opkomst van een nieuw exlusief nationalistisch discours in Japan dankzij het internet, met focus op Netouyo en Zaitokukai en hun webstrategie{\"e}n. Zal een van de belangrijkere werken in mijn paper vormen.},
  pages = {98--118},
  groups = {Nettouyoku}
}

@article{lim_japanese-model_2015,
  title = {The {{Japanese}}-{{Model}} of {{Xenophobic Exclusionism}}: {{Zaitokukai}}, {{Resident Foreigner Enfranchisement}} and {{East Asian Geopolitics}}},
  volume = {18},
  issn = {1369-1465, 1468-2680},
  shorttitle = {{\emph{Nihongata Haigaishugi}}},
  doi = {10.1093/ssjj/jyv016},
  language = {en},
  timestamp = {2016-05-01T18:01:30Z},
  number = {2},
  urldate = {2016-04-10},
  journal = {Social Science Japan Journal},
  author = {Lim, Youngmi},
  year = {2015},
  note = {Engelstalige peer-review van Higuchi's Japans boek over Japanse xenofobie, netouyo en Zaitokukai. Handig om de grote lijnen te begrijpen.},
  pages = {250--253},
  groups = {Nettouyoku}
}

@article{fackler_new_2010,
  title = {New {{Dissent}} in {{Japan Is Loudly Anti}}-{{Foreign}}},
  issn = {0362-4331},
  abstract = {A new type of ultranationalist group in Japan is unafraid to win attention by holding unruly demonstrations.},
  timestamp = {2016-04-30T15:01:08Z},
  urldate = {2016-04-10},
  journal = {The New York Times},
  author = {Fackler, Martin},
  month = aug,
  year = {2010},
  note = {NYTimes artikel dat de Zaitokukai koppelt aan de far-right internet community (de netouyo) en als side-effect van Japan's economische stagnatie bekijkt, iets wat ik ook wil argumenteren. Spiegelt het tevens aan de klassieke uyoku-dantai.},
  keywords = {Demonstrations; Protests  and Riots,Discrimination,Fringe Groups and Movements,Immigration and Emigration,Japan,Men and Boys,Net Far Right,South Korea},
  file = {New York Times Snapshot:C\:\\Users\\stevie\\AppData\\Roaming\\Mozilla\\Firefox\\Profiles\\fkdd9tw5.default\\zotero\\storage\\5GQUQSUE\\29japan.html:text/html},
  groups = {Zaitokukai}
}

@book{higuchi_ned:_2014,
  address = {Nagoya-shi},
  edition = {初版},
  title = {日本型排外主義 : 在特会・外国人参政権・東アジア地政学},
  isbn = {978-4-8158-0763-4},
  lccn = {HN730.Z9 R3244 2014},
  shorttitle = {Nihon-Gata Haigai Shugi},
  timestamp = {2017-05-28T15:49:24Z},
  publisher = {{名古屋大学出版会}},
  author = {Higuchi, Naoto},
  year = {2014},
  note = {Onderzoek naar de beweegredenen achter nationalistische bewegingen als de Zaitokukai, met uitgebreid empirisch onderzoek. Bekijkt het internet en populaire media als hulpmiddelen voor Japans xenofobie, en bekijkt het vooral als rechtstreeks gevolg van het na-oorlogse politieke beleid. Lijkt me een van mijn belangrijkste Japanse bronnen te worden.},
  keywords = {Japan,Jinshu sabetsu,Right-wing extremists,Shakaiteki haijo},
  groups = {Zaitokukai}
}

@article{lee_deindividuation_2007,
  title = {Deindividuation {{Effects}} on {{Group Polarization}} in {{Computer}}-{{Mediated Communication}}: {{The Role}} of {{Group Identification}}, {{Public}}-{{Self}}-{{Awareness}}, and {{Perceived Argument Quality}}},
  volume = {57},
  issn = {1460-2466},
  shorttitle = {Deindividuation {{Effects}} on {{Group Polarization}} in {{Computer}}-{{Mediated Communication}}},
  doi = {10.1111/j.1460-2466.2007.00348.x},
  abstract = {The present experiment investigated how deindividuation affects group polarization in computer-mediated communication. Before exchanging their opinions about social dilemmas with 3 ostensible partners via computer, participants either shared some personal information (individuated) or not (deindividuated). Consistent with the social identity model of deindividuation effects (SIDE), deindividuation fostered group identification with the partners and induced greater opinion polarization, partly by heightening concerns about public evaluations. Although participants rated the partners' arguments more positively when they identified with the partners, perceived argument quality did not significantly affect postdiscussion opinion shift. Deindividuation did not lower private-self-awareness, nor did private-self-awareness significantly influence opinion polarization. Implications are discussed in light of SIDE and the referent informational influence theory.},
  language = {en},
  timestamp = {2016-05-01T09:55:33Z},
  number = {2},
  urldate = {2016-04-13},
  journal = {Journal of Communication},
  author = {Lee, Eun-Ju},
  month = jun,
  year = {2007},
  note = {Relevant voor mijn theoretisch kader. Kwantitatief onderzoek om aan de hand van SIDE model en referent informational influence theory extreme groepspolariteit als gevolg van internetanonimiteit te bewijzen.},
  pages = {385--403},
  file = {Full Text PDF:C\:\\Users\\stevie\\AppData\\Roaming\\Mozilla\\Firefox\\Profiles\\fkdd9tw5.default\\zotero\\storage\\F29WAFS2\\Lee - 2007 - Deindividuation Effects on Group Polarization in C.pdf:application/pdf;Snapshot:C\:\\Users\\stevie\\AppData\\Roaming\\Mozilla\\Firefox\\Profiles\\fkdd9tw5.default\\zotero\\storage\\CDS62WI9\\abstract.html:text/html},
  groups = {Nettouyoku,theory}
}

@article{osaki_diet_2016,
  title = {Diet Passes {{Japan}}'s First Law to Curb Hate Speech},
  issn = {0447-5763},
  abstract = {Japan's first anti-hate speech law passed the Diet on Tuesday, marking a step forward in the nation's long-stalled efforts to curb racial discrimination. B},
  language = {en-US},
  timestamp = {2016-05-25T11:58:58Z},
  urldate = {2016-05-25},
  journal = {The Japan Times Online},
  author = {Osaki, Tomohiro},
  month = may,
  year = {2016},
  file = {Japan Times Snapshot:C\:\\Users\\stevie\\AppData\\Roaming\\Mozilla\\Firefox\\Profiles\\fkdd9tw5.default\\zotero\\storage\\EDJ5BIJS\\diet-passes-japans-first-law-curb-hate-speech.html:text/html},
  groups = {Zaitokukai}
}

@article{japan_today_anti-korean_2016,
  title = {Anti-{{Korean}} Group Calls off Hate-Speech Rally in {{Kawasaki}} amid Protests},
  abstract = {An anti-Korean group called off a demonstration Sunday after about 20 participants of the rally were surrounded by hundreds of\ldots{}},
  timestamp = {2017-05-28T14:28:24Z},
  urldate = {2016-06-06},
  journal = {Japan Today},
  author = {Japan Today},
  month = jun,
  year = {2016},
  note = {An anti-Korean group called off a demonstration Sunday after about 20 participants of the rally were surrounded by hundreds of\ldots{}},
  file = {Snapshot:C\:\\Users\\stevie\\AppData\\Roaming\\Mozilla\\Firefox\\Profiles\\fkdd9tw5.default\\zotero\\storage\\4A9RPUE6\\anti-korean-group-calls-off-hate-speech-rally-in-kawasaki-amid-protests.html:text/html},
  groups = {Zaitokukai}
}

@misc{zimmermann_digital_2017,
  title = {Digital Populism as a Focus of Research},
  timestamp = {2017-04-05T23:22:38Z},
  urldate = {2017-04-03},
  howpublished = {\url{https://phys.org/news/2017-03-digital-populism-focus.html}},
  author = {Zimmermann, Martin},
  month = mar,
  year = {2017},
  note = {In Europe, 2017 is a 'super election' year. There are going to be elections in the EU's two big players, France and Germany, and in several other countries. But this time everything is different. Since Donald Trump's success in the US presidential election, a spectre is haunting Western democracies: digital populism. Controversial discussions have now been taking place about whether there is a connection between the success of the populists and their social media campaigns.},
  file = {Snapshot:C\:\\Users\\stevie\\AppData\\Roaming\\Mozilla\\Firefox\\Profiles\\fkdd9tw5.default\\zotero\\storage\\IRNX5F4C\\2017-03-digital-populism-focus.html:text/html},
  groups = {Populism}
}

@misc{_quantcontentanalysis_????,
  title = {{{QuantContentAnalysis}} $<$ {{MoM}} $<$ Digitalmethods.Net},
  timestamp = {2017-04-03T18:27:02Z},
  urldate = {2017-04-03},
  howpublished = {\url{https://www.digitalmethods.net/MoM/QuantContentAnalysis}},
  file = {QuantContentAnalysis < MoM < digitalmethods.net:C\:\\Users\\stevie\\AppData\\Roaming\\Mozilla\\Firefox\\Profiles\\fkdd9tw5.default\\zotero\\storage\\3SER88T9\\QuantContentAnalysis.html:text/html},
  groups = {Populism}
}

@book{riffe_analyzing_2014,
  title = {Analyzing Media Messages: Using Quantitative Content Analysis in Research},
  isbn = {978-1-135-91208-6 978-1-135-91201-7 978-0-203-55169-1},
  shorttitle = {Analyzing Media Messages},
  language = {English},
  timestamp = {2017-04-04T14:13:00Z},
  urldate = {2017-04-04},
  author = {Riffe, Daniel and Lacy, Stephen and Fico, Frederick},
  year = {2014},
  groups = {Populism}
}

@book{mudde_ideology_2002,
  title = {The Ideology of the Extreme Right},
  isbn = {978-0-7190-5793-9},
  language = {English},
  timestamp = {2017-04-04T18:10:12Z},
  urldate = {2017-04-04},
  publisher = {{Manchester University Press}},
  author = {Mudde, Cas},
  month = jan,
  year = {2002},
  file = {Snapshot:C\:\\Users\\stevie\\AppData\\Roaming\\Mozilla\\Firefox\\Profiles\\fkdd9tw5.default\\zotero\\storage\\4P3I8I5N\\search.html:text/html},
  groups = {Populism}
}

@article{kaltwasser_responses_2014,
  title = {The {{Responses}} of {{Populism}} to {{Dahl}}'s {{Democratic Dilemmas}}},
  volume = {62},
  issn = {0032-3217, 1467-9248},
  doi = {10.1111/1467-9248.12038},
  language = {en},
  timestamp = {2017-04-06T16:08:31Z},
  number = {3},
  urldate = {2017-04-04},
  journal = {Political Studies},
  author = {Kaltwasser, Crist{\'o}bal Rovira},
  month = oct,
  year = {2014},
  note = {Goed voor zijn definitie van populisme niet als ziekte maar als uiting},
  pages = {470--487},
  groups = {Populism}
}

@book{mudde_oxford_2013,
  address = {Oxford, United Kingdom},
  edition = {First edition},
  series = {Oxford handbooks in politics \& international relations},
  title = {The {{Oxford}} Handbook of Political Ideologies},
  isbn = {978-0-19-958597-7},
  lccn = {JA66 .O96 2013},
  abstract = {This is the first comprehensive volume to offer a state of the art investigation both of the nature of political ideologies and of their main manifestations. The diversity of ideology studies is represented by a mixture of the range of theories that illuminate the field, combined with an appreciation of the changing complexity of concrete ideologies and the emergence of new ones. Ideologies, however, are always with us. The Handbook is divided into three sections: The first reflects some of the latest thinking about the development of ideology on an historical dimension, from the standpoints of conceptual history, Marx studies, social science theory and history, and leading schools of continental philosophy. The second includes some of the most recent interpretations and theories of ideology, all of which are sympathetic in their own ways to its exploration and close investigation, even when judiciously critical of its social impact. This section contains many of the more salient contemporary accounts of ideology. The third focuses on the leading ideological families and traditions, as well as on some of their cultural and geographical manifestations, incorporating both historical and contemporary perspectives. Each chapter is written by an expert in their field, bringing the latest approaches and understandings to their task. The Handbook will position the study of ideologies in the mainstream of political theory and political analysis and will attest to its indispensability both to courses on political theory and to scholars who wish to take their understanding of ideologies in new directions},
  timestamp = {2017-04-07T19:40:24Z},
  publisher = {{Oxford University Press}},
  author = {Mudde, Cas},
  editor = {Freeden, Michael and Sargent, Lyman Tower and Stears, Marc},
  collaborator = {Kaltwasser, Crist{\'o}bal Rovira},
  year = {2013},
  note = {OCLC: ocn825557402},
  keywords = {Ideology,philosophy,Political aspects,Political Science},
  annote = {Bo Stra\r{}th -- David Leopold -- Peter Breiner -- Emilio Gentile -- John G. Gunnell -- Howard Brick -- Michael Freeden -- Lois McNay -- Aletta Norval -- Teun A. Van Dijk -- Alan Finlayson -- Manfred B. Steger -- John T. Jost ; Christopher M. Federico, Jaime L. Napier -- Craig Berry ; Michael Kenny -- Rahul Rao -- Noel O'Sullivan -- Paolo Pombeni -- Michael Freeden ; Marc Stearns -- Ben Jackson -- Archie Brown -- Benjamin Franks -- Andrew Gamble -- Mathew Humphrey -- Lyman Tower Sargent -- Andrew Vincent -- Roger Eatwell -- Cas Mudde ; Cristo\'bal Rovira Kaltwasser -- Ce\'cile Laborde -- Duncan Bell -- Clare Chambers -- Jose\' Antonio Aguilar Rivera -- Joy Hendrickson ; Hoda Zaki -- Michaelle Browers -- Leigh Jenco -- Rochana Bajpai ; Carlo Bonura History of ideology and of ideology studies -- Ideology and conceptual history / Marxism and ideology: from Marx to Althusser / Karl Mannheim and political ideology / Total and totalitarian ideologies / Social science and ideology: the case of behaviouralism in American political science / The end of ideology thesis / Contemporary theories of ideology -- The morphological analysis of ideology / Contemporary critical theory / Poststructuralist conceptions of ideology / Ideology and discourse / Ideology and political rhetoric / Political ideologies in the age of globalization / Political ideologies and their social psychological functions / Ideology and the intellectuals / Postcolonialism / Ideological families and traditions -- Conservatism / Christian Democracy / Liberalism / Social democracy / Communism / Anarchism / Economic libertarianism / Green ideology / Ideology and utopia / Nationalism / Fascism / Populism / Republicanism / Ideologies of empire / Feminism / Lati\'n American political ideologies / Modern African ideologies / Islamic political ideologies / Chinese political ideologies / South Asian and Southeast Asian ideologies},
  groups = {Populism}
}

@book{rolfe_reinvention_2016,
  address = {Singapore},
  title = {The {{Reinvention}} of {{Populist Rhetoric}} in {{The Digital Age}}},
  isbn = {978-981-10-2160-2 978-981-10-2161-9},
  language = {en},
  timestamp = {2017-04-04T22:59:41Z},
  urldate = {2017-04-04},
  publisher = {{Springer Singapore}},
  author = {Rolfe, Mark},
  year = {2016},
  groups = {Populism}
}

@article{tai_networked_2015,
  title = {Networked {{Resistance}}: {{Digital Populism}}, {{Online Activism}}, and {{Mass Dissent}} in {{China}}},
  volume = {13},
  issn = {1540-5702},
  shorttitle = {Networked {{Resistance}}},
  doi = {10.1080/15405702.2015.1021469},
  abstract = {The ever-expanding communicative space online has provided Chinese individuals with unprecedented access to an exploding base of user-generated content and has engendered innovative ways of mass collaboration and grassroots participation in the information production process. Within this context, an emerging pattern has redefined the contours of Chinese cyber culture in which dispersed individuals creatively coordinate efforts to expose outrageous wrongdoings and transgressions committed by government officials and other targeted individuals. This article scrutinizes the role of social media in China in opening up new windows of opportunities for mass collaboration and collective action. The analysis is embedded in the current Chinese socio-political power relations and hegemonic structure, and focuses on the salient themes, trending patterns, and circumstantial factors underlying this type of social media activism. It concludes with a deliberation on the implications of this type of populism for so-called netizens, the authoritarian polity, and the evolving new media landscape in China.},
  timestamp = {2017-04-04T23:03:25Z},
  number = {2},
  urldate = {2017-04-04},
  journal = {Popular Communication},
  author = {Tai, Zixue},
  month = apr,
  year = {2015},
  pages = {120--131},
  file = {Full Text PDF:C\:\\Users\\stevie\\AppData\\Roaming\\Mozilla\\Firefox\\Profiles\\fkdd9tw5.default\\zotero\\storage\\RDPK8BU5\\Tai - 2015 - Networked Resistance Digital Populism, Online Act.pdf:application/pdf;Snapshot:C\:\\Users\\stevie\\AppData\\Roaming\\Mozilla\\Firefox\\Profiles\\fkdd9tw5.default\\zotero\\storage\\35U78E3B\\15405702.2015.html:text/html},
  groups = {Populism}
}

@misc{_new_????,
  title = {The New Face of Digital Populism - {{Demos}}},
  timestamp = {2017-04-04T23:12:15Z},
  urldate = {2017-04-04},
  howpublished = {\url{https://www.demos.co.uk/project/the-new-face-of-digital-populism/}},
  file = {The new face of digital populism - Demos:C\:\\Users\\stevie\\AppData\\Roaming\\Mozilla\\Firefox\\Profiles\\fkdd9tw5.default\\zotero\\storage\\H3B3E5WN\\the-new-face-of-digital-populism.html:text/html},
  groups = {Populism}
}

@article{lindgren_developing_2015,
  title = {Developing {{Japanese Populism Research}} through {{Readings Of European Populist Radical Right Studies}}: {{Populism As An Ideological Concept}}, {{Classifications Of Politicians And Explanations For Political Success}}},
  volume = {16},
  issn = {1468-1099, 1474-0060},
  shorttitle = {Developing {{Japanese Populism Research}} through {{Readings Of European Populist Radical Right Studies}}},
  doi = {10.1017/S1468109915000328},
  language = {en},
  timestamp = {2017-04-05T14:29:11Z},
  number = {04},
  urldate = {2017-04-05},
  journal = {Japanese Journal of Political Science},
  author = {Lindgren, Petter Y.},
  month = dec,
  year = {2015},
  pages = {574--592},
  groups = {Populism}
}

@article{taniguchi_changing_2007,
  title = {Changing {{Media}}, {{Changing Politics}} in {{Japan}}},
  volume = {8},
  issn = {1468-1099, 1474-0060},
  doi = {10.1017/S1468109907002514},
  language = {en},
  timestamp = {2017-04-05T15:30:04Z},
  number = {01},
  urldate = {2017-04-05},
  journal = {Japanese Journal of Political Science},
  author = {Taniguchi, Masaki},
  month = apr,
  year = {2007},
  pages = {147},
  groups = {Populism}
}

@article{lindgren_era_2012,
  title = {The {{Era}} of {{Koizumi}}'s {{Right}}-{{Wing Populism}} : {{A}} Study of Ideology, Political Practice and Rhetoric in {{Japan}}},
  shorttitle = {The {{Era}} of {{Koizumi}}'s {{Right}}-{{Wing Populism}}},
  abstract = {Denne oppgaven handler om h{\o}yrepopulism i Japan},
  language = {eng},
  timestamp = {2017-04-05T15:41:57Z},
  urldate = {2017-04-05},
  author = {Lindgren, Petter},
  year = {2012},
  file = {Full Text PDF:C\:\\Users\\stevie\\AppData\\Roaming\\Mozilla\\Firefox\\Profiles\\fkdd9tw5.default\\zotero\\storage\\IR6X434U\\Lindgren - 2012 - The Era of Koizumi's Right-Wing Populism  A study.pdf:application/pdf;Snapshot:C\:\\Users\\stevie\\AppData\\Roaming\\Mozilla\\Firefox\\Profiles\\fkdd9tw5.default\\zotero\\storage\\JI8SC6WV\\24218.html:text/html},
  groups = {Populism}
}

@article{tamura_niggling_2014,
  title = {Niggling {{New Democracies}} in the {{Age}} of {{Individualization}} in {{Japan}}},
  volume = {1},
  copyright = {Copyright Berghahn Books and Journals Winter 2014},
  issn = {23328894},
  doi = {http://dx.doi.org.kuleuven.ezproxy.kuleuven.be/10.3167/dt.2014.010213},
  abstract = {This article attempts to view the idea of a "crisis of democracy" through a lens of individualization of the society. As the consequence of the impact of the individualization on existing liberal democracy, new forms of niggling democracy have been emerging. This article maps varieties of such emerging democracies in contemporary Japanese society.},
  language = {English},
  timestamp = {2017-04-05T15:52:18Z},
  number = {2},
  urldate = {2017-04-05},
  journal = {Democratic Theory; Oxford},
  author = {Tamura, Tetsuki and Kobayashi, Yasuko H.},
  year = {Winter 2014},
  keywords = {Contentious Democracy,Crisis,Deliberative Democracy,Individualization,Internet Democracy,Populist Democracy},
  pages = {122--130},
  file = {Full Text PDF:C\:\\Users\\stevie\\AppData\\Roaming\\Mozilla\\Firefox\\Profiles\\fkdd9tw5.default\\zotero\\storage\\9TQG57NR\\Tamura en Kobayashi - 2014 - Niggling New Democracies in the Age of Individuali.pdf:application/pdf},
  groups = {Populism}
}

@article{matsuura_how_2010,
  title = {How the {{New Government Utilizes Emerging Internet Media}} in {{Japan}}},
  volume = {2},
  issn = {1943-0787},
  doi = {10.1111/j.1943-0787.2010.01222.x},
  abstract = {The newly elected Hatoyama administration has launched several projects on the Internet to facilitate interactions with the public. Politicians use Twitter to tweet their political activities and interact with other users. Government agencies have launched several new Web sites, such as hatomimi and jukugi kake-ai, and integrated video-steaming sites, such as ustream.com. Notwithstanding these efforts, however, the new administration has not yet been able to apply these forums to resolving hard political issues.},
  language = {en},
  timestamp = {2017-04-05T17:00:41Z},
  number = {4},
  urldate = {2017-04-05},
  journal = {Asian Politics \& Policy},
  author = {Matsuura, Masahiro},
  month = oct,
  year = {2010},
  pages = {671--674},
  file = {Full Text PDF:C\:\\Users\\stevie\\AppData\\Roaming\\Mozilla\\Firefox\\Profiles\\fkdd9tw5.default\\zotero\\storage\\A2WJM5ZU\\Matsuura - 2010 - How the New Government Utilizes Emerging Internet .pdf:application/pdf;Snapshot:C\:\\Users\\stevie\\AppData\\Roaming\\Mozilla\\Firefox\\Profiles\\fkdd9tw5.default\\zotero\\storage\\3Q9JXVU5\\abstract.html:text/html},
  groups = {Populism}
}

@article{maslow_nationalism_2011,
  title = {Nationalism 2.0 in {{Japan}} ({{http://www.2ch.net/)}}},
  volume = {3},
  issn = {1943-0787},
  shorttitle = {Nationalism 2.0 in {{Japan}} (Http},
  doi = {10.1111/j.1943-0787.2011.01265.x},
  language = {en},
  timestamp = {2017-04-05T17:02:35Z},
  number = {2},
  urldate = {2017-04-05},
  journal = {Asian Politics \& Policy},
  author = {Maslow, Sebastian},
  month = apr,
  year = {2011},
  pages = {307--310},
  file = {Full Text PDF:C\:\\Users\\stevie\\AppData\\Roaming\\Mozilla\\Firefox\\Profiles\\fkdd9tw5.default\\zotero\\storage\\TCWUX74B\\Maslow - 2011 - Nationalism 2.0 in Japan (httpwww.2ch.net).pdf:application/pdf;Snapshot:C\:\\Users\\stevie\\AppData\\Roaming\\Mozilla\\Firefox\\Profiles\\fkdd9tw5.default\\zotero\\storage\\GNKX8RUX\\abstract\;jsessionid=292E02C6371B0030B259660388620502.html:text/html},
  groups = {Populism}
}

@article{funabashi_japan_2017,
  title = {Japan, {{Where Populism Fails}}},
  issn = {0362-4331},
  abstract = {Public confidence in the political mainstream is eroding in established democracies throughout the world. Why not here?},
  timestamp = {2017-04-05T20:27:14Z},
  urldate = {2017-04-05},
  journal = {The New York Times},
  author = {Funabashi, Yoichi},
  month = feb,
  year = {2017},
  keywords = {Abe; Shinzo,Japan,Politics and Government},
  file = {New York Times Snapshot:C\:\\Users\\stevie\\AppData\\Roaming\\Mozilla\\Firefox\\Profiles\\fkdd9tw5.default\\zotero\\storage\\5ZRE7TU6\\japan-where-populism-fails.html:text/html},
  groups = {Populism}
}

@misc{_publication:_????,
  title = {Publication: Support for the Radical Right in {{Japan}}},
  shorttitle = {Publication},
  abstract = {Download academic paper (PDF): support for the radical right in Japan on ResearchGate.},
  timestamp = {2017-04-05T20:42:43Z},
  urldate = {2017-04-05},
  howpublished = {\url{https://www.researchgate.net/publication/298787884_support_for_the_radical_right_in_Japan}},
  journal = {ResearchGate},
  note = {Download academic paper (PDF): support for the radical right in Japan on ResearchGate.},
  file = {Snapshot:C\:\\Users\\stevie\\AppData\\Roaming\\Mozilla\\Firefox\\Profiles\\fkdd9tw5.default\\zotero\\storage\\MFQDQAGB\\298787884_support_for_the_radical_right_in_Japan.html:text/html},
  groups = {Populism}
}

@article{higuchi_support_????,
  title = {Support for the Radical Right in {{Japan}}},
  timestamp = {2017-04-05T20:44:02Z},
  urldate = {2017-04-05},
  author = {Higuchi, Naoto},
  note = {Support for the radical right in Japan},
  file = {Snapshot:C\:\\Users\\stevie\\AppData\\Roaming\\Mozilla\\Firefox\\Profiles\\fkdd9tw5.default\\zotero\\storage\\BRI8HVP6\\Support_for_the_radical_right_in_Japan.html:text/html},
  groups = {Populism}
}

@article{_consideration_2016,
  title = {インターネットと「過激化」についての考察 : インターネットはどのように思考と議論、社会を変えるのか},
  volume = {1},
  issn = {24321397},
  shorttitle = {インターネットと「過激化」についての考察},
  timestamp = {2017-04-05T21:09:34Z},
  journal = {青山地球社会共生論集},
  author = {樺島, 榮一郎},
  month = may,
  year = {2016},
  pages = {43--62},
  groups = {Nettouyoku,Populism}
}

@article{_populism_2003,
  title = {{ポピュリズムと現代日本政治}},
  issn = {02877171},
  language = {ja},
  timestamp = {2017-04-08T23:06:19Z},
  number = {23},
  journal = {上智短期大学紀要},
  author = {齋藤, 英之},
  year = {2003},
  pages = {75--100},
  groups = {Populism}
}

@misc{_digital_????-1,
  title = {Digital {{Populism}} in {{South Korea}}? {{Internet Culture}} and the {{Trouble}} with {{Direct Participation}} | {{KEI}} | {{Korea Economic Institute}}},
  timestamp = {2017-04-05T22:55:13Z},
  urldate = {2017-04-05},
  howpublished = {\url{http://www.keia.org/publication/digital-populism-south-korea-internet-culture-and-trouble-direct-participation}},
  file = {Digital Populism in South Korea? Internet Culture and the Trouble with Direct Participation | KEI | Korea Economic Institute:C\:\\Users\\stevie\\AppData\\Roaming\\Mozilla\\Firefox\\Profiles\\fkdd9tw5.default\\zotero\\storage\\ZU47TABB\\digital-populism-south-korea-internet-culture-and-trouble-direct-participation.html:text/html},
  groups = {Populism}
}

@misc{_research_????,
  title = {Research Paper ({{PDF}}): {{Digital Populism}} in {{South Korea}}? {{Internet Culture}} and the {{Trouble}} with {{Direct Participation}}},
  shorttitle = {Research Paper ({{PDF}})},
  abstract = {Download research paper: Digital Populism in South Korea? Internet Culture and the Trouble with Direct Participation on ResearchGate.},
  timestamp = {2017-04-05T22:55:56Z},
  urldate = {2017-04-05},
  howpublished = {\url{https://www.researchgate.net/publication/242557192_Digital_Populism_in_South_Korea_Internet_Culture_and_the_Trouble_with_Direct_Participation}},
  journal = {ResearchGate},
  note = {Download research paper: Digital Populism in South Korea? Internet Culture and the Trouble with Direct Participation on ResearchGate.},
  file = {Snapshot:C\:\\Users\\stevie\\AppData\\Roaming\\Mozilla\\Firefox\\Profiles\\fkdd9tw5.default\\zotero\\storage\\M2GI6V3E\\242557192_Digital_Populism_in_South_Korea_Internet_Culture_and_the_Trouble_with_Direct_Particip.html:text/html},
  groups = {Populism}
}

@article{kim_digital_2009,
  title = {Digital {{Populism}} in {{South Korea}}? {{Internet Culture}} and the {{Trouble}} with {{Direct Participation}}},
  volume = {3},
  shorttitle = {Digital {{Populism}} in {{South Korea}}?},
  timestamp = {2017-05-28T12:19:13Z},
  number = {8},
  journal = {On Korea: Academic Papers Series},
  author = {Kim, Youngmi},
  year = {2009},
  pages = {1--6},
  file = {Digital Populism in South Korea? Internet Culture and the Trouble with Direct Participation | MESPOM:C\:\\Users\\stevie\\AppData\\Roaming\\Mozilla\\Firefox\\Profiles\\fkdd9tw5.default\\zotero\\storage\\JUM4DK28\\35759.html:text/html},
  groups = {Populism}
}

@article{ott_age_2017,
  title = {The Age of {{Twitter}}: {{Donald J}}. {{Trump}} and the Politics of Debasement},
  volume = {34},
  issn = {1529-5036},
  shorttitle = {The Age of {{Twitter}}},
  doi = {10.1080/15295036.2016.1266686},
  abstract = {This essay explores the changing character of public discourse in the Age of Twitter. Adopting the perspective of media ecology, the essay highlights how Twitter privileges discourse that is simple, impulsive, and uncivil. This effect is demonstrated through a case study of Donald J. Trump's Twitter feed. The essay concludes with a brief reflection on the end times: a post-truth, post-news, President Trump, Twitter-world.},
  timestamp = {2017-04-05T23:36:02Z},
  number = {1},
  urldate = {2017-04-05},
  journal = {Critical Studies in Media Communication},
  author = {Ott, Brian L.},
  month = jan,
  year = {2017},
  pages = {59--68},
  file = {Full Text PDF:C\:\\Users\\stevie\\AppData\\Roaming\\Mozilla\\Firefox\\Profiles\\fkdd9tw5.default\\zotero\\storage\\55XGIGIM\\Ott - 2017 - The age of Twitter Donald J. Trump and the politi.pdf:application/pdf;Snapshot:C\:\\Users\\stevie\\AppData\\Roaming\\Mozilla\\Firefox\\Profiles\\fkdd9tw5.default\\zotero\\storage\\QHWTFFJM\\15295036.2016.html:text/html},
  groups = {Populism}
}

@article{sismondo_post-truth?_2017,
  title = {Post-Truth?},
  volume = {47},
  issn = {0306-3127, 1460-3659},
  doi = {10.1177/0306312717692076},
  language = {en},
  timestamp = {2017-04-05T23:57:50Z},
  number = {1},
  urldate = {2017-04-05},
  journal = {Social Studies of Science},
  author = {Sismondo, Sergio},
  month = feb,
  year = {2017},
  pages = {3--6},
  groups = {Populism}
}

@misc{_will_????,
  title = {Will {{Free Wi}}-{{Fi Destroy}} the {{Party System}}?},
  abstract = {Jill Lepore on the creation of the party system, and the connection between the current state of political upheaval and the communication revolution.},
  timestamp = {2017-04-06T12:31:56Z},
  urldate = {2017-04-06},
  howpublished = {\url{http://www.newyorker.com/magazine/2016/02/22/did-social-media-produce-the-new-populism}},
  journal = {The New Yorker},
  note = {The populism of this election might be as much about the medium as about the message.},
  file = {Snapshot:C\:\\Users\\stevie\\AppData\\Roaming\\Mozilla\\Firefox\\Profiles\\fkdd9tw5.default\\zotero\\storage\\5VNN6CNZ\\did-social-media-produce-the-new-populism.html:text/html},
  groups = {Populism}
}

@incollection{abts_populism_2015,
  address = {Oxford},
  title = {Populism {{A2}}  - {{Wright}}, {{James D}}.},
  isbn = {978-0-08-097087-5},
  abstract = {This article is a revision of the previous edition article by R.B. Collier, volume 17, pp. 11813\textendash{}11816, \textcopyright{} 2001, Elsevier Ltd.
Abstract
Populism is a concept applied to a wide range of political movements and actors across the globe. There is, at the same time, considerable confusion about the attributes and manifestation of populism, as well as its impact on democracy. This contribution identifies the defining elements of the populist ideology and discusses the varieties in which populism manifests itself, for instance as a component of certain party families. We finally discuss various normative interpretations of populism, and the tension between populism and liberal democratic values.},
  timestamp = {2017-04-06T13:00:28Z},
  urldate = {2017-04-06},
  booktitle = {International {{Encyclopedia}} of the {{Social}} \& {{Behavioral Sciences}} ({{Second Edition}})},
  publisher = {{Elsevier}},
  author = {Abts, Koen and {van Kessel}, Stijn},
  year = {2015},
  keywords = {Cordon sanitaire,Democracy,Europe,Extremism,Ideology,Latin America,Leadership,Liberalism,Party families,Political communication,Popular sovereignty,Populism,Radical right},
  pages = {609--612},
  file = {ScienceDirect Full Text PDF:C\:\\Users\\stevie\\AppData\\Roaming\\Mozilla\\Firefox\\Profiles\\fkdd9tw5.default\\zotero\\storage\\V7VJFJB6\\Abts en van Kessel - 2015 - Populism A2  - Wright, James D..pdf:application/pdf;ScienceDirect Snapshot:C\:\\Users\\stevie\\AppData\\Roaming\\Mozilla\\Firefox\\Profiles\\fkdd9tw5.default\\zotero\\storage\\S6RBIB44\\B9780080970868931027.html:text/html},
  groups = {Populism}
}

@article{bale_thrown_2011,
  title = {Thrown around with Abandon? {{Popular}} Understandings of Populism as Conveyed by the Print Media: {{A UK}} Case Study},
  volume = {46},
  copyright = {\textcopyright{} Palgrave Macmillan, a division of Macmillan Publishers Ltd 2011},
  issn = {00016810},
  shorttitle = {瀀ꗼ瀀ꗼ瀀ꗼ  က က က   {{{\^G}}} ȿ   $\Elzsbbrg$   {\oe}},
  doi = {http://dx.doi.org.kuleuven.ezproxy.kuleuven.be/10.1057/ap.2011.3},
  abstract = {This article examines the use of the term 'populism' in the UK print media and compares this with the scholarly usage. It assesses whether there is truth in the claim that the media uses the term too freely and imprecisely. Our finding indicate that populism is used for a wide range of seemingly unrelated actors across the world, that it is hard to find any logic in the set of policies that are associated with the term, and that populism is, more or less explicitly, regularly used in a pejorative way. Despite these findings, we refrain from labelling populism a useless term. We will, however, indicate that the inconsistent vernacular use of the term complicates a meaningful academic debate about the concept. [PUBLICATION ABSTRACT]},
  language = {English},
  timestamp = {2017-04-06T13:03:59Z},
  number = {2},
  urldate = {2017-04-06},
  journal = {Acta Politica; Basingstoke},
  author = {Bale, Tim and Van Kessel, Stijn and Taggart, Paul},
  month = apr,
  year = {2011},
  keywords = {Elections,Political parties,Political Science,Populism},
  pages = {111--131},
  file = {Full Text PDF:C\:\\Users\\stevie\\AppData\\Roaming\\Mozilla\\Firefox\\Profiles\\fkdd9tw5.default\\zotero\\storage\\U2Z2D2AI\\Bale e.a. - 2011 - Thrown around with abandon Popular understandings.pdf:application/pdf},
  groups = {Populism}
}

@article{abts_populism_2007,
  title = {Populism versus {{Democracy}}},
  volume = {55},
  issn = {0032-3217, 1467-9248},
  doi = {10.1111/j.1467-9248.2007.00657.x},
  language = {en},
  timestamp = {2017-04-06T13:18:06Z},
  number = {2},
  urldate = {2017-04-06},
  journal = {Political Studies},
  author = {Abts, K. and Rummens, S.},
  month = jun,
  year = {2007},
  pages = {405--424},
  groups = {Populism}
}

@book{taggart_populism_2000,
  title = {Populism},
  isbn = {978-0-335-20046-7},
  abstract = {Populism is a widely used concept but is rarely fully understood. For a term which appears so frequently in both popular and specialist writing, the social sciences have given it remarkably little attention. In this lively and engaging book, Paul Taggart surveys the field and concludes that populism has suffered from being considered usually in relation to particular contexts and has therefore become a rather fractured and elusive concept in general terms. To remedy this, the author introduces several themes which illuminate populism across different historical and contemporary cases. He provides a new definition of populism, a survey of other definitions and perspectives, and a guide to populist politics around the world, including the United States, Russia, Latin America, Western Europe and Canada. The second part of the book focuses on the problems of populism and how it relates to democracy, particularly to representative politics. Written in an accessible style, this book is essential reading for those with an interest in politics and sociology who are studying political ideas, ideologies and social movements.},
  language = {en},
  timestamp = {2017-04-06T13:44:30Z},
  publisher = {{Open University Press}},
  author = {Taggart, Paul A.},
  year = {2000},
  note = {Google-Books-ID: suIUAQAAIAAJ},
  keywords = {Democracy,History / Social History,Philosophy / General,Philosophy / Political,Political Science / General,Political Science / Political Process / General,Populism,Social movements},
  groups = {Populism}
}

@article{bimber_internet_1998,
  title = {The {{Internet}} and {{Political Transformation}}: {{Populism}}, {{Community}}, and {{Accelerated Pluralism}}},
  volume = {31},
  issn = {0032-3497, 1744-1684},
  shorttitle = {The {{Internet}} and {{Political Transformation}}},
  doi = {10.2307/3235370},
  language = {en},
  timestamp = {2017-04-07T19:59:08Z},
  number = {1},
  urldate = {2017-04-07},
  journal = {Polity},
  author = {Bimber, Bruce},
  month = sep,
  year = {1998},
  pages = {133--160},
  groups = {Populism}
}

@article{hale_political_2016,
  title = {Political Turbulence: How Social Media Shape Collective Action},
  shorttitle = {Political Turbulence},
  language = {English},
  timestamp = {2017-04-10T23:15:57Z},
  urldate = {2017-04-07},
  author = {Hale, Scott and John, Peter and Margetts, Helen and Yasseri, Taha},
  year = {2016}
}

@book{hale_political_2016-1,
  title = {Political Turbulence: How Social Media Shape Collective Action},
  isbn = {978-0-691-15922-5 978-1-4008-7355-5},
  shorttitle = {Political Turbulence},
  language = {English},
  timestamp = {2017-04-07T21:41:44Z},
  urldate = {2017-04-07},
  author = {Hale, Scott and John, Peter and Margetts, Helen and Yasseri, Taha},
  year = {2016},
  groups = {Populism}
}

@book{schlesinger_shadow_1999,
  address = {Stanford, Calif},
  title = {Shadow Shoguns: The Rise and Fall of {{Japan}}'s Postwar Political Machine},
  isbn = {978-0-8047-3457-8},
  lccn = {JQ1681 .S35 1999},
  shorttitle = {Shadow Shoguns},
  timestamp = {2017-04-07T22:27:03Z},
  publisher = {{Stanford University Press}},
  author = {Schlesinger, Jacob M.},
  year = {1999},
  keywords = {1945-,Bureaucracy,Business and politics,Japan,Political corruption,Political culture,Politics and Government},
  groups = {Populism}
}

@article{kobori_populism_2013,
  series = {Ritsumeikan law review},
  title = {{Populism as Rhetorical Politics in Britain and Japan : `Devil take the hindmost'}},
  issn = {0912-4322},
  shorttitle = {{Populism as Rhetorical Politics in Britain and Japan}},
  language = {jpn},
  timestamp = {2017-05-28T12:17:33Z},
  urldate = {2017-04-07},
  author = {Kobori, Masahiro},
  month = jul,
  year = {2013},
  pages = {107 -- 122},
  file = {Snapshot:C\:\\Users\\stevie\\AppData\\Roaming\\Mozilla\\Firefox\\Profiles\\fkdd9tw5.default\\zotero\\storage\\9C4VBVQT\\4851.html:text/html},
  groups = {Populism}
}

@article{matsutani_nihon-gata_2010,
  title = {日本型ポピュリズムの論理と心情--大都市無党派層の実証研究},
  abstract = {研究代表者：松谷 満, 研究期間 (年度)：2009 \textendash{} 2010, 研究種目：若手研究(B), 研究分野：社会学},
  timestamp = {2017-05-28T12:10:29Z},
  urldate = {2017-04-08},
  journal = {KAKEN},
  author = {Matsutani, Mitsuru},
  year = {2010},
  note = {本研究では、大都市部で圧倒的な支持を得るようなポピュリズム政治が台頭しているという状況に着目し、石原東京都知事、橋下大阪府知事について有権者意識調査からその支持構造を実証的に明らかにした。両者はナショナリズムとネオリベラリズムという共通の支持要因があり、さらに政治不信の強い人々をも取り込んでいるがゆえに幅広い支持を得られることがわかった。また、その支持層は均質ではなく、多様な社会層が異なる論理にもとづいて支持をしていることもわかった。},
  file = {Snapshot:C\:\\Users\\stevie\\AppData\\Roaming\\Mozilla\\Firefox\\Profiles\\fkdd9tw5.default\\zotero\\storage\\7TXZBQ48\\KAKENHI-PROJECT-21730428.html:text/html},
  groups = {Populism}
}

@article{matsutani_wakamono_2009,
  title = {若者におけるポピュリズムの支持基盤 : ミリュー・アプローチによる実証的検討: 茨城大学機関リポジトリ},
  volume = {42},
  timestamp = {2017-05-28T14:42:41Z},
  urldate = {2017-04-08},
  journal = {茨城大学地域総合研究所年報},
  author = {Matsutani},
  month = mar,
  year = {2009},
  pages = {41--59},
  file = {若者におけるポピュリズムの支持基盤 \: ミリュー・アプローチによる実証的検討\: 茨城大学機関リポジトリ:C\:\\Users\\stevie\\AppData\\Roaming\\Mozilla\\Firefox\\Profiles\\fkdd9tw5.default\\zotero\\storage\\6EVBV4HU\\2804.html:text/html},
  groups = {Populism}
}

@article{kimura_popyurizumu_2006,
  series = {『ポピュリズムとローカリズムの研究：東京の同化・統合のリソース』},
  title = {ポピュリズム再考：指導者民主制と決断主義},
  timestamp = {2017-05-28T12:02:46Z},
  author = {木村, 正人},
  year = {2006},
  pages = {97--107},
  groups = {Populism}
}

@book{otake_nihon_2003,
  address = {T{\=o}ky{\=o}},
  series = {Ch{\=u}k{\=o} shinsho},
  title = {{日本型ポピュリズム\rule{1em}{1pt}政治への期待と幻滅}},
  isbn = {978-4-12-101708-6},
  shorttitle = {{Nihon gata popyurizumu}},
  language = {jpn},
  timestamp = {2017-05-28T11:55:38Z},
  number = {1708},
  publisher = {{Ch{\=u}{\=o} k{\=o}ron shinsha}},
  author = {大嶽, 秀夫},
  year = {2003},
  note = {OCLC: 249881926},
  keywords = {Japan,Politische Reform,Populismus,Volksabstimmung},
  groups = {Populism}
}

@article{weathers_reformer_2014,
  title = {Reformer or {{Destroyer}}? {{Hashimoto Toru}} and {{Populist Neoliberal Politics}} in {{Japan}}},
  volume = {17},
  issn = {1369-1465, 1468-2680},
  shorttitle = {Reformer or {{Destroyer}}?},
  doi = {10.1093/ssjj/jyt029},
  language = {en},
  timestamp = {2017-04-08T15:46:48Z},
  number = {1},
  urldate = {2017-04-08},
  journal = {Social Science Japan Journal},
  author = {Weathers, C.},
  month = jan,
  year = {2014},
  pages = {77--96},
  groups = {Populism}
}

@book{yoshida_popyurizumu_2011,
  address = {T{\=o}ky{\=o}-to Shibuya-ku},
  series = {Enueichik{\=e} bukkusu},
  title = {ポピュリズムを考える 民主主義への再入門},
  isbn = {978-4-14-091176-1},
  lccn = {JC423 .Y665 2011},
  shorttitle = {Popyurizumu o Kangaeru},
  timestamp = {2017-05-28T11:55:48Z},
  number = {1176},
  publisher = {{NHKブックス}},
  author = {Yoshida, T{\=o}ru},
  year = {2011},
  keywords = {Democracy,Populism},
  groups = {Populism}
}

@article{betz_new_1993,
  title = {The {{New Politics}} of {{Resentment}}: {{Radical Right}}-{{Wing Populist Parties}} in {{Western Europe}}},
  volume = {25},
  issn = {0010-4159},
  shorttitle = {The {{New Politics}} of {{Resentment}}},
  doi = {10.2307/422034},
  abstract = {During the past few years a radical populist right has emerged in a number of West European democracies. Mixing xenophobia with a neoliberal economic program, radical right-wing parties have been increasingly successful at the polls. Their success can be explained partly in terms of a protest against immigration from third world countries and the established political parties and partly as the result of the profound social and cultural transformation of advanced western democracies. Those parties which are most astute in exploiting both issues can expect to do best at the polls.},
  timestamp = {2017-04-09T16:23:12Z},
  number = {4},
  urldate = {2017-04-09},
  journal = {Comparative Politics},
  author = {Betz, Hans-George},
  year = {1993},
  pages = {413--427},
  file = {JSTOR Full Text PDF:C\:\\Users\\stevie\\AppData\\Roaming\\Mozilla\\Firefox\\Profiles\\fkdd9tw5.default\\zotero\\storage\\RVK4XT24\\Betz - 1993 - The New Politics of Resentment Radical Right-Wing.pdf:application/pdf},
  groups = {Populism}
}

@article{trifu_prefectural_2013,
  title = {Prefectural {{Governors}} and {{Populism}} in {{Japan}} (1990s-2010s)},
  timestamp = {2017-04-09T17:03:22Z},
  number = {26},
  urldate = {2017-04-09},
  journal = {Acta Asiatica Varsoviensia},
  author = {Trifu, Ioan},
  year = {2013},
  pages = {64--85},
  file = {Prefectural Governors and Populism in Japan - Trifu.pdf:C\:\\Users\\stevie\\AppData\\Roaming\\Mozilla\\Firefox\\Profiles\\fkdd9tw5.default\\zotero\\storage\\HC46BE7W\\Prefectural Governors and Populism in Japan - Trifu.pdf:application/pdf},
  groups = {Populism}
}

@article{kramer_media_2014,
  title = {Media {{Populism}}: {{A Conceptual Clarification}} and {{Some Theses}} on Its {{Effects}}: {{Media Populism}}},
  volume = {24},
  issn = {10503293},
  shorttitle = {Media {{Populism}}},
  doi = {10.1111/comt.12029},
  language = {en},
  timestamp = {2017-04-09T20:17:24Z},
  number = {1},
  urldate = {2017-04-09},
  journal = {Communication Theory},
  author = {Kr{\"a}mer, Benjamin},
  month = feb,
  year = {2014},
  pages = {42--60},
  file = {Media Populism A Conceptual Clarification.pdf:C\:\\Users\\stevie\\AppData\\Roaming\\Mozilla\\Firefox\\Profiles\\fkdd9tw5.default\\zotero\\storage\\7MWI4ATQ\\Media Populism A Conceptual Clarification.pdf:application/pdf},
  groups = {Populism}
}

@article{betz_two_1993,
  title = {The Two Faces of Radical Right-Wing Populism in {{Western Europe}}},
  volume = {55},
  timestamp = {2017-04-09T20:29:26Z},
  number = {04},
  urldate = {2017-04-09},
  journal = {The Review of Politics},
  author = {Betz, Hans-Georg},
  year = {1993},
  pages = {663--686},
  file = {The Two Faces of Radical Right-Wing Populism in Western Europ.pdf:C\:\\Users\\stevie\\AppData\\Roaming\\Mozilla\\Firefox\\Profiles\\fkdd9tw5.default\\zotero\\storage\\FXCP7796\\The Two Faces of Radical Right-Wing Populism in Western Europ.pdf:application/pdf},
  groups = {Populism}
}

@article{rimmer_japanese_1999,
  title = {The {{Japanese Internet}}: {{Visionaries}} and {{Virtual Democracy}}},
  volume = {31},
  issn = {0308-518X, 1472-3409},
  shorttitle = {The {{Japanese Internet}}},
  doi = {10.1068/a311189},
  language = {en},
  timestamp = {2017-04-10T16:04:46Z},
  number = {7},
  urldate = {2017-04-10},
  journal = {Environment and Planning A},
  author = {Rimmer, P J and Morris-Suzuki, T},
  month = jul,
  year = {1999},
  pages = {1189--1206},
  groups = {Populism}
}

@book{__2015,
  address = {東京},
  title = {{優しいサヨクの復活}},
  isbn = {978-4-569-82729-2},
  language = {Japanese},
  timestamp = {2017-04-10T17:32:21Z},
  publisher = {{PHP研究所}},
  author = {島田, 雅彦},
  year = {2015},
  groups = {Populism}
}

@article{hack_subculture_2016,
  title = {Subculture as Social Knowledge: A Hopeful Reading of Otaku Culture},
  volume = {28},
  issn = {1869-2737, 1869-2729},
  shorttitle = {Subculture as Social Knowledge},
  doi = {10.1515/cj-2016-0003},
  timestamp = {2017-04-10T19:44:11Z},
  number = {1},
  urldate = {2017-04-10},
  journal = {Contemporary Japan},
  author = {Hack, Brett},
  month = jan,
  year = {2016},
  groups = {Nettouyoku}
}

@article{horiuchi_public_2014,
  title = {Public {{Opinion}} in {{Japan}} and the {{Nationalization}} of the {{Senkaku Islands}}},
  volume = {31},
  issn = {1096-6838, 1874-6284},
  doi = {10.1007/s12140-014-9202-6},
  language = {en},
  timestamp = {2017-04-10T22:39:02Z},
  number = {1},
  urldate = {2017-04-10},
  journal = {East Asia},
  author = {Horiuchi, Toru},
  month = mar,
  year = {2014},
  pages = {23--47},
  groups = {Nettouyoku}
}

@article{hayashi_japans_2012,
  chapter = {World News},
  title = {Japan's {{Nationalist Movement Strengthens}}},
  issn = {0099-9660},
  abstract = {Nationalist politicians and activists are wielding new clout in Japan, straining the country's ties with China and South Korea, and creating headaches for policy makers in Tokyo.},
  timestamp = {2017-04-10T23:02:11Z},
  urldate = {2017-04-10},
  journal = {Wall Street Journal},
  author = {Hayashi, Yuka},
  year = {2012-08-15T03:15:00.000Z},
  file = {Wall Street Journal Snapshot:C\:\\Users\\stevie\\AppData\\Roaming\\Mozilla\\Firefox\\Profiles\\fkdd9tw5.default\\zotero\\storage\\QQUH74S2\\SB10000872396390444130304577558364214636398.html:text/html},
  groups = {Populism}
}

@article{t._stewart_global_2016,
  title = {The {{Global Populist Surge Is More}} than {{Just}} a {{Western Story}}\textemdash{}{{Just Look}} at {{Asia}}},
  abstract = {Populism may be surging in the West, but it's a phenomenon across the Asia-Pacific as well.},
  timestamp = {2017-05-28T11:42:19Z},
  urldate = {2017-04-10},
  journal = {The Diplomat},
  author = {T. Stewart, Devin and Wasserstrom, Jeffrey},
  month = dec,
  year = {2016},
  note = {Populism may be surging in the West, but it's a phenomenon across the Asia-Pacific as well.},
  file = {Snapshot:C\:\\Users\\stevie\\AppData\\Roaming\\Mozilla\\Firefox\\Profiles\\fkdd9tw5.default\\zotero\\storage\\CI36TPQD\\the-global-populist-surge-is-more-than-just-a-western-story-just-look-at-asia.html:text/html},
  groups = {Populism}
}

@article{johnston_net_2006,
  title = {Net Boards Venue for Faceless Rightists},
  issn = {0447-5763},
  abstract = {OSAKA -- They are called "Net uyoku," or Internet rightwingers. Unlike their more vocal colleagues, who are highly visible in their huge sound trucks, blar},
  language = {en-US},
  timestamp = {2017-04-10T23:27:48Z},
  urldate = {2017-04-10},
  journal = {The Japan Times Online},
  author = {Johnston, Eric},
  month = mar,
  year = {2006},
  file = {Japan Times Snapshot:C\:\\Users\\stevie\\AppData\\Roaming\\Mozilla\\Firefox\\Profiles\\fkdd9tw5.default\\zotero\\storage\\592JP5QS\\net-boards-venue-for-faceless-rightists.html:text/html},
  groups = {Nettouyoku}
}

@article{maslow_nationalism_2011-1,
  title = {Nationalism 2.0 in {{Japan}} ({{http://www.2ch.net/):}} {{Electronic Media Reviews}}},
  volume = {3},
  issn = {19430779},
  shorttitle = {Nationalism 2.0 in {{Japan}} (Http},
  doi = {10.1111/j.1943-0787.2011.01265.x},
  language = {en},
  timestamp = {2017-04-11T13:26:20Z},
  number = {2},
  urldate = {2017-04-11},
  journal = {Asian Politics \& Policy},
  author = {Maslow, Sebastian},
  month = apr,
  year = {2011},
  pages = {307--310},
  groups = {Nettouyoku}
}

@article{katayama_2-channel_2007,
  title = {2-{{Channel Gives Japan}}'s {{Famously Quiet People}} a {{Mighty Voice}}},
  abstract = {Japan's biggest internet forum, 2-channel, has more influence on popular opinion than the prime minister, the emperor and the traditional media combined.},
  timestamp = {2017-05-28T15:33:04Z},
  urldate = {2017-04-11},
  journal = {WIRED},
  author = {Katayama, Lisa},
  month = apr,
  year = {2007},
  file = {Snapshot:C\:\\Users\\stevie\\AppData\\Roaming\\Mozilla\\Firefox\\Profiles\\fkdd9tw5.default\\zotero\\storage\\GAE88Z98\\2channel.html:text/html},
  groups = {Nettouyoku}
}

@article{higuchi_video_2015,
  title = {Video Posting Site Shuts down Anti-{{Korean Zaitokukai}} Activists' Channel},
  issn = {0447-5763},
  abstract = {Japanese video streaming website niconico has shut down the official channel of the anti-Korean activist group Zaitokukai, citing violations of the terms o},
  language = {en-US},
  timestamp = {2017-04-17T21:02:38Z},
  urldate = {2017-04-11},
  journal = {The Japan Times Online},
  author = {Higuchi, Naoto},
  month = may,
  year = {2015},
  file = {Japan Times Snapshot:C\:\\Users\\stevie\\AppData\\Roaming\\Mozilla\\Firefox\\Profiles\\fkdd9tw5.default\\zotero\\storage\\DRWUJEJV\\video-posting-site-shuts-anti-korean-zaitokukai-activists-channel.html:text/html},
  groups = {Zaitokukai}
}

@article{higuchi_japans_2014,
  title = {Japan's {{Far Right}} in {{East Asian Geopolitics}}: {{The Anatomy}} of {{New Xenophobic Movements}}},
  volume = {28},
  shorttitle = {Japan's {{Far Right}} in {{East Asian Geopolitics}}},
  timestamp = {2017-05-28T13:57:36Z},
  urldate = {2017-04-11},
  journal = {Social Science Research, University of Tokushima},
  author = {Higuchi, Naoto},
  year = {2014},
  pages = {163--183},
  file = {Japan’s Far Right in East Asian Geopolitics.pdf:C\:\\Users\\stevie\\Dropbox\\School KULeuven\\Bachelor\\papers\\netto\\Japan’s Far Right in East Asian Geopolitics.pdf:application/pdf},
  groups = {Zaitokukai}
}

@misc{asahi_shimbun_elections_2016,
  title = {Elections},
  abstract = {東京都知事選挙の候補者情報ページです。},
  timestamp = {2017-04-11T20:54:42Z},
  urldate = {2017-04-11},
  howpublished = {\url{http://www.asahi.com/senkyo/tochijisen/2016/vote/}},
  journal = {朝日新聞デジタル},
  author = {Asahi Shimbun},
  year = {2016},
  note = {朝日新聞社のニュースサイト、朝日新聞デジタルの東京都知事選挙の候補者情報ページです。},
  file = {Snapshot:C\:\\Users\\stevie\\AppData\\Roaming\\Mozilla\\Firefox\\Profiles\\fkdd9tw5.default\\zotero\\storage\\HRN5W58K\\vote.html:text/html},
  groups = {Sakurai}
}

@misc{sankei_news_tokyochiji-sen_2016-1,
  type = {premium},
  title = {【東京都知事選】桜井誠氏が激白！「間違ったことはしていない」「来年の都議選に１０～２０人立候補させます」},
  abstract = {「それがきっかけになってボーッと中央日報（韓国の大手紙）の日本語版を見ていたんです。私だって（１９１０年から４５年の併合期を）１００％正しいとは思いませんよ。で\ldots{}},
  timestamp = {2017-05-28T17:29:44Z},
  urldate = {2017-04-11},
  howpublished = {\url{http://www.sankei.com/premium/news/160713/prm1607130011-n1.html}},
  journal = {産経ニュース},
  author = {Sankei News},
  month = jul,
  year = {2016},
  note = {「それがきっかけになってボーッと中央日報（韓国の大手紙）の日本語版を見ていたんです。私だって（１９１０年から４５年の併合期を）１００％正しいとは思いませんよ。で\ldots{}},
  file = {Snapshot:C\:\\Users\\stevie\\AppData\\Roaming\\Mozilla\\Firefox\\Profiles\\fkdd9tw5.default\\zotero\\storage\\9PIH9R9W\\prm1607130011-n3.html:text/html},
  groups = {Sakurai}
}

@misc{sankei_news_sakurai_2017,
  type = {situation},
  title = {Sakurai {{Makoto Japan First Party}}},
  abstract = {市民団体「行動する保守運動」代表、桜井誠氏（４５）が党首を務める政治団体「日本第一党」が２６日、東京都内のホテルで結党大会を開いた。同党によると、出席者は約２７\ldots{}},
  timestamp = {2017-05-28T13:24:10Z},
  urldate = {2017-04-11},
  howpublished = {\url{http://www.sankei.com/politics/news/170226/plt1702260010-n1.html}},
  journal = {産経ニュース},
  author = {Sankei News, SANKEI DIGITAL},
  year = {2017.2.26 18:29},
  note = {市民団体「行動する保守運動」代表、桜井誠氏（４５）が党首を務める政治団体「日本第一党」が２６日、東京都内のホテルで結党大会を開いた。同党によると、出席者は約２７\ldots{}},
  file = {Snapshot:C\:\\Users\\stevie\\AppData\\Roaming\\Mozilla\\Firefox\\Profiles\\fkdd9tw5.default\\zotero\\storage\\KZV8DX4Q\\plt1702260010-n1.html:text/html},
  groups = {Sakurai}
}

@misc{japan_first_party_japan_2016,
  title = {Japan {{First Party}}},
  timestamp = {2017-04-11T21:12:46Z},
  urldate = {2017-04-11},
  howpublished = {\url{http://japan-first.net/policy.html}},
  author = {Japan First Party},
  year = {2016},
  file = {日本第一党:C\:\\Users\\stevie\\AppData\\Roaming\\Mozilla\\Firefox\\Profiles\\fkdd9tw5.default\\zotero\\storage\\K7S2N6MK\\policy.html:text/html},
  groups = {Sakurai}
}

@article{mccurry_japanese_2014,
  chapter = {World news},
  title = {Japanese `Hate Speech' Debate Abandoned as Insults Fly},
  issn = {0261-3077},
  abstract = {Debate between Osaka mayor Toru Hashimoto and anti-Korean rightwinger Makoto Sakurai ends in heated insults},
  language = {en-GB},
  timestamp = {2017-04-11T22:01:48Z},
  urldate = {2017-04-11},
  journal = {The Guardian},
  author = {McCurry, Justin},
  month = oct,
  year = {2014},
  keywords = {Asia Pacific,Japan,North Korea,South Korea,World news},
  file = {Guardian Snapshot:C\:\\Users\\stevie\\AppData\\Roaming\\Mozilla\\Firefox\\Profiles\\fkdd9tw5.default\\zotero\\storage\\D6ZJ5M92\\japan-hate-speech-debate-abandoned-toru-hashimoto-makoto-sakurai.html:text/html},
  groups = {Sakurai}
}

@misc{furuya__2016,
  title = {桜井誠の「嫌韓」１１万票は想定内？　縮みゆく東京の極右地図　古谷経衡（評論家／著述家） (2/4ページ) - 政治・社会 - {{ZAKZAK}}},
  timestamp = {2017-04-11T23:45:50Z},
  urldate = {2017-04-11},
  howpublished = {\url{http://www.zakzak.co.jp/society/politics/news/20160807/plt1608071049001-n2.htm}},
  author = {Furuya, Tsunehira},
  month = aug,
  year = {2016},
  file = {桜井誠の「嫌韓」１１万票は想定内？　縮みゆく東京の極右地図　古谷経衡（評論家／著述家） (2/4ページ) - 政治・社会 - ZAKZAK:C\:\\Users\\stevie\\AppData\\Roaming\\Mozilla\\Firefox\\Profiles\\fkdd9tw5.default\\zotero\\storage\\BJG34ZVS\\plt1608071049001-n2.html:text/html},
  groups = {Sakurai}
}

@misc{inc__2017,
  type = {situation},
  title = {桜井誠氏が日本第一党を結党 「政権を取ったら韓国と断交する」 仇敵、神奈川新聞の石橋学記者に向かって「北朝鮮の批判をしてもヘイトかい？」},
  abstract = {市民団体「行動する保守運動」代表、桜井誠氏（４５）が党首を務める政治団体「日本第一党」が２６日、東京都内のホテルで結党大会を開いた。同党によると、出席者は約２７\ldots{}},
  timestamp = {2017-04-12T00:00:54Z},
  urldate = {2017-04-12},
  howpublished = {\url{http://www.sankei.com/politics/news/170226/plt1702260010-n1.html}},
  journal = {産経ニュース},
  author = {INC, SANKEI DIGITAL},
  year = {2017-2-26T18:29:34+09:00},
  note = {市民団体「行動する保守運動」代表、桜井誠氏（４５）が党首を務める政治団体「日本第一党」が２６日、東京都内のホテルで結党大会を開いた。同党によると、出席者は約２７\ldots{}},
  file = {Snapshot:C\:\\Users\\stevie\\AppData\\Roaming\\Mozilla\\Firefox\\Profiles\\fkdd9tw5.default\\zotero\\storage\\7B5Z379S\\plt1702260010-n1.html:text/html},
  groups = {Zaitokukai}
}

@article{sankei_news_tokyochiji-sen_2016,
  title = {【東京都知事選】「都内在住外国人への生活保護費支給打ち切り、受給者は日本国民限定」　在特会の桜井誠前会長が７つの公約（1/2ページ） - 産経ニュース},
  timestamp = {2017-05-28T15:51:38Z},
  urldate = {2017-04-12},
  author = {Sankei News},
  month = jun,
  year = {2016},
  file = {【東京都知事選】「都内在住外国人への生活保護費支給打ち切り、受給者は日本国民限定」　在特会の桜井誠前会長が７つの公約（1/2ページ） - 産経ニュース:C\:\\Users\\stevie\\AppData\\Roaming\\Mozilla\\Firefox\\Profiles\\fkdd9tw5.default\\zotero\\storage\\6UQHRZXH\\plt1606290061-n1.html:text/html},
  groups = {Sakurai}
}

@misc{shiminjichi_3rd_tokyochiji_2016,
  title = {【東京都知事選挙】桜井誠氏 出馬会見 2016-6-29 （コメ付）},
  abstract = {平成28年6月29日},
  timestamp = {2017-05-28T13:19:59Z},
  urldate = {2017-04-12},
  author = {{shiminjichi 3rd}},
  month = jun,
  year = {2016},
  keywords = {日本維新の会},
  groups = {Sakurai}
}

@article{hoffman_what_2016,
  title = {What Shape Will Populism Take in Modern {{Japan}}?},
  issn = {0447-5763},
  abstract = {Populism isn't new. A wave of it generated democracy in ancient Greece, circa 500 B.C. Its modern form, born in America in the early 19th century, was a re},
  language = {en-US},
  timestamp = {2017-04-12T07:16:45Z},
  urldate = {2017-04-12},
  journal = {The Japan Times Online},
  author = {Hoffman, Michael},
  month = dec,
  year = {2016},
  file = {Japan Times Snapshot:C\:\\Users\\stevie\\AppData\\Roaming\\Mozilla\\Firefox\\Profiles\\fkdd9tw5.default\\zotero\\storage\\5NIEJVXM\\shape-will-populism-take-modern-japan.html:text/html},
  groups = {Populism}
}

@article{the_asahi_shimbun_lower_2016,
  title = {Lower Voting Age Makes Many Wonder '{{Where}}'s {{Japan}}'s {{Bernie}}?'：{{The Asahi Shimbun}}},
  shorttitle = {Lower Voting Age Makes Many Wonder '{{Where}}'s {{Japan}}'s {{Bernie}}?},
  abstract = {From a shrinking population and a social welfare system creaking under huge ranks of retirees to a s},
  timestamp = {2017-05-28T11:43:24Z},
  urldate = {2017-04-12},
  journal = {The Asahi Shimbun},
  author = {The Asahi Shimbun},
  month = jul,
  year = {2016},
  note = {From a shrinking population and a social welfare system creaking under huge ranks of retirees to a s},
  file = {Snapshot:C\:\\Users\\stevie\\AppData\\Roaming\\Mozilla\\Firefox\\Profiles\\fkdd9tw5.default\\zotero\\storage\\I29UXDUE\\AJ201607010015.html:text/html},
  groups = {Populism}
}

@article{the_donga_ilbo_japans_2011,
  title = {Japan's Right-Wing Groups Hold Rallies vs. {{Korean}} Pop Culture : {{The DONG}}-{{A ILBO}}},
  shorttitle = {Japan's Right-Wing Groups Hold Rallies vs. {{Korean}} Pop Culture},
  abstract = {Japanese right-wing groups have taken collective action to boycott},
  timestamp = {2017-05-28T15:07:42Z},
  urldate = {2017-04-12},
  author = {The Donga Ilbo},
  month = aug,
  year = {2011},
  file = {Snapshot:C\:\\Users\\stevie\\AppData\\Roaming\\Mozilla\\Firefox\\Profiles\\fkdd9tw5.default\\zotero\\storage\\XWQSEFSR\\1.html:text/html},
  groups = {Nettouyoku}
}

@article{the_chosun_ilbo_japanese_2011,
  title = {Japanese {{March Against Korean Soap Operas}}},
  abstract = {Japanese March Against Korean Soap Operas},
  timestamp = {2017-05-28T12:44:52Z},
  urldate = {2017-04-12},
  author = {The Chosun Ilbo},
  month = aug,
  year = {2011},
  note = {Thousands of Japanese demonstrated against Korean soap operas and other TV shows..},
  file = {Snapshot:C\:\\Users\\stevie\\AppData\\Roaming\\Mozilla\\Firefox\\Profiles\\fkdd9tw5.default\\zotero\\storage\\R5HCZZ8S\\2011082200679.html:text/html},
  groups = {Nettouyoku}
}

@article{osaki_fuji_2015,
  title = {Fuji {{TV}} Apologizes for Subtitles Inaccurately Quoting {{South Koreans}} | {{The Japan Times}}},
  timestamp = {2017-05-28T12:44:11Z},
  urldate = {2017-04-12},
  journal = {The Japan Times},
  author = {Osaki, Tomohiro},
  month = jun,
  year = {2015},
  file = {Fuji TV apologizes for subtitles inaccurately quoting South Koreans | The Japan Times:C\:\\Users\\stevie\\AppData\\Roaming\\Mozilla\\Firefox\\Profiles\\fkdd9tw5.default\\zotero\\storage\\HIP36WHV\\fuji-tv-apologizes-subtitles-inaccurately-quoting-south-koreans.html:text/html},
  groups = {Nettouyoku}
}

@article{schilling_japanese_2011,
  title = {Japanese Rally against {{Fuji TV}}},
  abstract = {A demonstration against Fuji TV's heavy rotation of Korean drama programming attracted an estimated 6,000 to 10,000 protesters on Sunday.},
  timestamp = {2017-05-28T15:06:55Z},
  urldate = {2017-04-12},
  journal = {Variety},
  author = {Schilling, Mark},
  month = aug,
  year = {2011},
  note = {A demonstration against Fuji TV's heavy rotation of Korean drama programming attracted an estimated 6,000 to 10,000 protesters on Sunday.},
  file = {Snapshot:C\:\\Users\\stevie\\AppData\\Roaming\\Mozilla\\Firefox\\Profiles\\fkdd9tw5.default\\zotero\\storage\\R9IDAMJ2\\japanese-rally-against-fuji-tv-1118041653.html:text/html},
  groups = {Nettouyoku}
}

@book{gottlieb_japanese_2003,
  address = {London ; New York},
  series = {Asia's transformations},
  title = {Japanese Cybercultures},
  isbn = {978-0-415-27918-5 978-0-415-27919-2},
  lccn = {HN730.Z9 I564 2003},
  timestamp = {2017-04-13T11:23:53Z},
  publisher = {{Routledge}},
  editor = {Gottlieb, Nanette and McLelland, Mark J.},
  year = {2003},
  note = {OCLC: ocm50270971},
  keywords = {Internet,Japan,Popular culture,Social aspects},
  annote = {"Asia.com"--Cover},
  annote = {The Internet in Japan / Nanette Gottlieb and Mark McLelland -- Individualization, individuality, interiority and the Internet: Japanese university students and e-mail / Brian McVeigh -- Deai-Kei: Japan's new culture of encounter / Todd Joseph Miles Holden and Takako Tsuruki -- Cute@keitai.com / Larissa Hjorth -- From subculture to cyberculture: the Japanese noise-alliance and its utilization of the Internet / Costa Caspary and Wolfram Manzenreiter -- Filling in the blanks: lessons from an Internet blues jam / Gretchen Ferris Schoel -- Challenging society through the information grid: Japanese women's activism on the net / Junko R. Onasaka -- Cybermasculinities: the Internet and men's groups in Japan / Romit Dasgupta -- 'Net'-working on the web: links between Japanese HIV patients in cyberspace / Joanne Cullinane -- Private acts/public spaces: cruising for gay sex on the Japanese Internet / Mark McLelland -- The great equalizer? The Internet and progressive activism in Japan / David McNeill -- Creating publics and counterpublics on the Internet in Japan / Vera Mackie -- Language, representation and power: Burakumin and the Internet / Nanette Gottlieb -- Activism and the Internet: Japan's 2001 history-textbook affair / Isa Ducke -- Self-representation of two new religions on the Japanese Internet: Jehovah's witnesses and Seicho\= no ie / Petra Kienle and Birgit Staemmler},
  groups = {Populism}
}

@misc{alexa.com_top_2017,
  title = {Top {{Sites}} in {{Japan}} - {{Alexa}}},
  timestamp = {2017-05-28T14:27:11Z},
  urldate = {2017-04-15},
  howpublished = {\url{http://www.alexa.com/topsites/countries/JP}},
  author = {Alexa.com},
  year = {2017},
  file = {Top Sites in Japan - Alexa:C\:\\Users\\stevie\\AppData\\Roaming\\Mozilla\\Firefox\\Profiles\\fkdd9tw5.default\\zotero\\storage\\UQ2F2FKG\\JP.html:text/html},
  groups = {Zaitokukai}
}

@misc{nicovideo.jp_puremiamu_2015,
  title = {プレミアム会員数250万、総登録会員数5,000万を突破 - ニコニコ動画 開発者ブログ（新着情報）},
  timestamp = {2017-05-28T15:10:53Z},
  urldate = {2017-04-15},
  author = {Nicovideo.jp},
  month = aug,
  year = {2015},
  file = {プレミアム会員数250万、総登録会員数5,000万を突破 - ニコニコ動画 開発者ブログ（新着情報）:C\:\\Users\\stevie\\AppData\\Roaming\\Mozilla\\Firefox\\Profiles\\fkdd9tw5.default\\zotero\\storage\\BUUG45JE\\2505000.html:text/html},
  groups = {Nettouyoku,Zaitokukai}
}

@article{matsumura_dynamism_2005,
  title = {The Dynamism of 2channel},
  volume = {19},
  issn = {0951-5666, 1435-5655},
  doi = {10.1007/s00146-004-0302-5},
  language = {en},
  timestamp = {2017-04-15T17:29:56Z},
  number = {1},
  urldate = {2017-04-15},
  journal = {AI \& SOCIETY},
  author = {Matsumura, Naohiro and Miura, Asako and Shibanai, Yasufumi and Ohsawa, Yukio and Nishida, Toyoaki},
  month = jan,
  year = {2005},
  pages = {84--92},
  file = {The dynamism of 2channel.pdf:C\:\\Users\\stevie\\AppData\\Roaming\\Mozilla\\Firefox\\Profiles\\fkdd9tw5.default\\zotero\\storage\\8JBJMTQ3\\The dynamism of 2channel.pdf:application/pdf},
  groups = {Zaitokukai}
}

@misc{alexa.com_2ch.net_2017,
  title = {2ch.Net {{Traffic}}, {{Demographics}} and {{Competitors}} - {{Alexa}}},
  timestamp = {2017-05-28T14:26:22Z},
  urldate = {2017-04-15},
  howpublished = {\url{http://www.alexa.com/siteinfo/2ch.net}},
  author = {Alexa.com},
  year = {2017},
  file = {2ch.net Traffic, Demographics and Competitors - Alexa:C\:\\Users\\stevie\\AppData\\Roaming\\Mozilla\\Firefox\\Profiles\\fkdd9tw5.default\\zotero\\storage\\5JKE7WBZ\\2ch.html:text/html},
  groups = {Zaitokukai}
}

@misc{alexa.com_nicovideo.jp_2017,
  title = {Nicovideo.Jp {{Traffic}}, {{Demographics}} and {{Competitors}} - {{Alexa}}},
  timestamp = {2017-05-28T14:26:57Z},
  urldate = {2017-04-15},
  howpublished = {\url{http://www.alexa.com/siteinfo/nicovideo.jp}},
  author = {Alexa.com},
  year = {2017},
  file = {Nicovideo.jp Traffic, Demographics and Competitors - Alexa:C\:\\Users\\stevie\\AppData\\Roaming\\Mozilla\\Firefox\\Profiles\\fkdd9tw5.default\\zotero\\storage\\JZIGAM7V\\nicovideo.html:text/html},
  groups = {Zaitokukai}
}

@misc{2ch.net_suzume_2017,
  title = {Suzume},
  timestamp = {2017-05-28T14:32:55Z},
  urldate = {2017-04-15},
  howpublished = {\url{http://stats.2ch.net/suzume.cgi?yes}},
  author = {2ch.net},
  month = apr,
  year = {2017},
  file = {すずめ:C\:\\Users\\stevie\\AppData\\Roaming\\Mozilla\\Firefox\\Profiles\\fkdd9tw5.default\\zotero\\storage\\8QNJN3BR\\suzume.html:text/html},
  groups = {Zaitokukai}
}

@misc{furuya_roots_2016,
  title = {The {{Roots}} and {{Realities}} of {{Japan}}'s {{Cyber}}-{{Nationalism}}},
  abstract = {The prevalence of anti-Korean and anti-Chinese hate speech on Japanese websites has raised concerns about the spread of right-wing cyber-nationalism.},
  timestamp = {2017-04-15T19:45:57Z},
  urldate = {2017-04-15},
  journal = {Sasakawa USA},
  author = {Furuya, Tsunehira},
  year = {2016-01-29T12:10:17-04:00},
  note = {The prevalence of anti-Korean and anti-Chinese hate speech on Japanese websites has raised concerns about the spread of right-wing cyber-nationalism.},
  file = {Snapshot:C\:\\Users\\stevie\\AppData\\Roaming\\Mozilla\\Firefox\\Profiles\\fkdd9tw5.default\\zotero\\storage\\UZJ5XPCN\\the-roots-and-realities-of-japans-cyber-nationalism.html:text/html},
  groups = {Zaitokukai}
}

@article{nikkei_news_demo-meguri_2013,
  title = {デモ巡り乱闘、男女８人を暴行容疑で逮捕 東京・新宿},
  abstract = {東京・新宿で16日、在日韓国人らを非難するデモの参加グループとこれに対立するグループの間で乱闘騒ぎがあり、警視庁新宿署は双方のグループの男女計８人を暴行容疑で現行犯逮捕した。 逮捕されたのは、デモに},
  timestamp = {2017-05-28T13:10:42Z},
  urldate = {2017-04-15},
  author = {Nikkei News},
  month = jun,
  year = {2013},
  note = {東京・新宿で16日、在日韓国人らを非難するデモの参加グループとこれに対立するグループの間で乱闘騒ぎがあり、警視庁新宿署は双方のグループの男女計８人を暴行容疑で現行犯逮捕した。
　逮捕されたのは、デモに},
  file = {Snapshot:C\:\\Users\\stevie\\AppData\\Roaming\\Mozilla\\Firefox\\Profiles\\fkdd9tw5.default\\zotero\\storage\\E4J5T2MD\\DGXNASDG1601P_W3A610C1CC1000.html:text/html},
  groups = {Sakurai}
}

@misc{hosyu_zaitokukai_2013,
  title = {在特会会長、しばき隊ら逮捕の件 アサヒの報道は・・・},
  abstract = {在特会会長、しばき隊ら逮捕の件 アサヒの報道は・・・ [政治] 16日、東京・新宿区で、在日韓国・朝鮮人の排斥を掲げるデモ隊とそれに抗議するグループが衝突し、...},
  timestamp = {2017-05-28T13:08:12Z},
  urldate = {2017-04-15},
  journal = {Niconico Video},
  author = {HoSyu},
  month = jun,
  year = {2013},
  note = {在特会会長、しばき隊ら逮捕の件　アサヒの報道は・・・ [政治] 16日、東京・新宿区で、在日韓国・朝鮮人の排斥を掲げるデモ隊とそれに抗議するグループが衝突し、...},
  file = {Snapshot:C\:\\Users\\stevie\\AppData\\Roaming\\Mozilla\\Firefox\\Profiles\\fkdd9tw5.default\\zotero\\storage\\I2DGKBQI\\sm21136388.html:text/html},
  groups = {Sakurai}
}

@article{ricardo_buettner_systematic_2016,
  title = {A {{Systematic Literature Review}} of {{Twitter Research}} from a {{Socio}}-{{Political Revolution Perspective}}},
  doi = {10.13140/RG.2.1.4239.9442},
  timestamp = {2017-04-17T12:43:16Z},
  urldate = {2017-04-17},
  author = {{Ricardo Buettner}},
  year = {2016},
  groups = {Populism}
}

@misc{sakurai_nihon_2011,
  title = {『日本の電力を守ろう！ 原発の火を消させないデモ行進のお知らせ』},
  timestamp = {2017-05-28T13:04:22Z},
  urldate = {2017-04-17},
  journal = {Doronpaの独り言},
  author = {Sakurai, Makoto},
  month = apr,
  year = {2011},
  note = {$\uparrow\uparrow\uparrow$ このブログを支持される方はこちらをクリックしてください。 在特会公式サイト新ＵＲＬhttp://www.zaitokukai.info/ 日本の電力を\ldots{}},
  file = {Snapshot:C\:\\Users\\stevie\\AppData\\Roaming\\Mozilla\\Firefox\\Profiles\\fkdd9tw5.default\\zotero\\storage\\FTM7VSGT\\entry-10856127306.html:text/html},
  groups = {Sakurai}
}

@misc{okazaki_twitter_2012,
  type = {microblog},
  title = {Twitter {{Post}}.},
  timestamp = {2017-05-28T15:44:06Z},
  urldate = {2017-04-17},
  journal = {@okazaki\_akira},
  author = {Okazaki, Akira},
  month = apr,
  year = {2012},
  file = {Tweet Snapshot:C\:\\Users\\stevie\\AppData\\Roaming\\Mozilla\\Firefox\\Profiles\\fkdd9tw5.default\\zotero\\storage\\2NH6WCWJ\\197113816344043523.html:text/html},
  groups = {Sakurai}
}

@article{shibuichi_struggle_2016,
  title = {The {{Struggle Against Hate Groups}} in {{Japan}}: {{The Invisible Civil Society}}, {{Leftist Elites}} and {{Anti}}-{{Racism Groups}}},
  volume = {19},
  issn = {1369-1465, 1468-2680},
  shorttitle = {The {{Struggle Against Hate Groups}} in {{Japan}}},
  doi = {10.1093/ssjj/jyv035},
  language = {en},
  timestamp = {2017-04-17T18:54:19Z},
  number = {1},
  urldate = {2017-04-17},
  journal = {Social Science Japan Journal},
  author = {Shibuichi, Daiki},
  year = {2016},
  pages = {71--83},
  groups = {Zaitokukai}
}

@misc{the_japan_times_osaka_2014,
  title = {Osaka Mayor Gets into Shouting Match with Head of Anti-{{Korean}} Group | {{The Japan Times}}},
  timestamp = {2017-05-28T12:59:45Z},
  urldate = {2017-04-17},
  howpublished = {\url{http://www.japantimes.co.jp.kuleuven.ezproxy.kuleuven.be/news/2014/10/21/national/social-issues/osaka-mayor-engages-shouting-match-head-anti-korean-group/}},
  author = {The Japan Times},
  month = oct,
  year = {2014},
  file = {Osaka mayor gets into shouting match with head of anti-Korean group | The Japan Times:C\:\\Users\\stevie\\AppData\\Roaming\\Mozilla\\Firefox\\Profiles\\fkdd9tw5.default\\zotero\\storage\\ZPGCFDHV\\osaka-mayor-engages-shouting-match-head-anti-korean-group.html:text/html},
  groups = {Sakurai}
}

@misc{the_japan_times_government_2016,
  title = {Government to Conduct First Survey on Hate Speech in {{Japan}} | {{The Japan Times}}},
  timestamp = {2017-05-28T14:29:05Z},
  urldate = {2017-04-17},
  howpublished = {\url{http://www.japantimes.co.jp.kuleuven.ezproxy.kuleuven.be/news/2016/10/31/national/government-conduct-first-survey-hate-speech-japan/}},
  author = {The Japan Times},
  month = oct,
  year = {2016},
  file = {Government to conduct first survey on hate speech in Japan | The Japan Times:C\:\\Users\\stevie\\AppData\\Roaming\\Mozilla\\Firefox\\Profiles\\fkdd9tw5.default\\zotero\\storage\\AJB22VBV\\government-conduct-first-survey-hate-speech-japan.html:text/html},
  groups = {Zaitokukai}
}

@misc{the_japan_times_justice_2017,
  title = {Justice {{Ministry}} Distributes Examples of Hate Speech to Combat Discrimination | {{The Japan Times}}},
  timestamp = {2017-05-28T12:58:55Z},
  urldate = {2017-04-17},
  howpublished = {\url{http://www.japantimes.co.jp.kuleuven.ezproxy.kuleuven.be/news/2017/02/04/national/social-issues/justice-ministry-distributes-examples-hate-speech-combat-discrimination/}},
  author = {The Japan Times},
  month = feb,
  year = {2017},
  file = {Justice Ministry distributes examples of hate speech to combat discrimination | The Japan Times:C\:\\Users\\stevie\\AppData\\Roaming\\Mozilla\\Firefox\\Profiles\\fkdd9tw5.default\\zotero\\storage\\VN7SGQFS\\justice-ministry-distributes-examples-hate-speech-combat-discrimination.html:text/html},
  groups = {Sakurai}
}

@misc{2021_summer_hashimoto_2014,
  title = {橋下徹vs在特会・桜井誠 【全】10/20},
  abstract = {10/20 橋下徹vs在特会・桜井誠},
  timestamp = {2017-05-28T12:58:20Z},
  urldate = {2017-04-17},
  author = {{2021 summer}},
  month = oct,
  year = {2014},
  keywords = {ヘイトスピーチ,会長退任,在特,在特会,桜井,桜井誠,橋下,橋下徹,退任,退会},
  groups = {Sakurai}
}

@incollection{lea_social_1992,
  address = {New York},
  title = {Social Influence and the Influence of the `Social' in Computer-Mediated Communication},
  isbn = {978-0-7450-1068-7 978-0-7450-1069-4},
  language = {eng},
  timestamp = {2017-04-17T21:31:28Z},
  booktitle = {Contexts of Computer-Mediated Communication},
  publisher = {{Harvester Wheatsheaf}},
  editor = {Lea, Martin},
  year = {1992},
  note = {OCLC: 611610288},
  keywords = {Aufsatzsammlung,Computerunterstützte Kommunikation,Social Sciences,Sozialpsychologie},
  pages = {pp. 30--65},
  annote = {Literaturangaben},
  file = {Table of Contents PDF:C\:\\Users\\stevie\\AppData\\Roaming\\Mozilla\\Firefox\\Profiles\\fkdd9tw5.default\\zotero\\storage\\S9VXQUZC\\Lea - 1992 - Contexts of computer-mediated communication.pdf:application/pdf},
  groups = {theory}
}

@article{kiesler_social_1984,
  title = {Social Psychological Aspects of Computer-Mediated Communication.},
  volume = {39},
  issn = {0003-066X},
  doi = {10.1037/0003-066X.39.10.1123},
  language = {en},
  timestamp = {2017-04-17T21:38:35Z},
  number = {10},
  urldate = {2017-04-17},
  journal = {American Psychologist},
  author = {Kiesler, Sara and Siegel, Jane and McGuire, Timothy W.},
  year = {1984},
  pages = {1123--1134},
  groups = {theory}
}

@misc{paelinck_post-truth_2016,
  title = {"{{Post}}-Truth" Is Woord van Het Jaar Voor {{Oxford Dictionaries}}},
  timestamp = {2017-04-17T22:11:09Z},
  urldate = {2017-04-17},
  howpublished = {\url{http://deredactie.be/cm/vrtnieuws/buitenland/1.2820305}},
  journal = {deredactie.be},
  author = {Paelinck, Gianni},
  month = nov,
  year = {2016},
  note = {De term "post-truth" geeft aan dat objectieve feiten minder belangrijk zijn om de publieke opinie te vormen dan emoties. Het toonaangevende Britse woordenboek zag het gebruik ervan dit jaar exponentieel toenemen in artikelen over de brexit en de verkiezing van Trump.},
  file = {Snapshot:C\:\\Users\\stevie\\AppData\\Roaming\\Mozilla\\Firefox\\Profiles\\fkdd9tw5.default\\zotero\\storage\\ITJFFACU\\1.html:text/html},
  groups = {theory}
}

@book{ito_fandom_2012,
  title = {Fandom Unbound: Otaku Culture in a Connected World},
  isbn = {978-0-300-15864-9 978-0-300-17826-5},
  shorttitle = {Fandom Unbound},
  abstract = {"In recent years, otaku culture has emerged as one of Japan's major cultural exports and as a genuinely transnational phenomenon. This timely volume investigates how this once marginalized popular culture has come to play a major role in Japan's identity at home and abroad. In the American context, the word otaku is best translated as 'geek'--an ardent fan with highly specialized knowledge and interests. But it is associated especially with fans of specific Japan-based cultural genres, including anime, manga, and video games. Most important of all, as this collection shows, is the way otaku culture represents a newly participatory fan culture in which fans not only organize around niche interests but produce and distribute their own media content. In this collection of essays, Japanese and American scholars offer richly detailed descriptions of how this once stigmatized Japanese youth culture created its own alternative markets and cultural products such as fan fiction, comics, costumes, and remixes, becoming a major international force that can challenge the dominance of commercial media. By exploring the rich variety of otaku culture from multiple perspectives, this groundbreaking collection provides fascinating insights into the present and future of cultural production and distribution in the digital age."--Jacket.},
  language = {English},
  timestamp = {2017-04-17T23:27:57Z},
  urldate = {2017-04-17},
  author = {It{\=o}, Mizuko and Okabe, Daisuke and Tsuji, Izumi},
  year = {2012},
  groups = {theory}
}

@misc{zaitokukai.info_zaitokukai_2017,
  title = {Zaitokukai {{Homepage}}},
  timestamp = {2017-05-28T14:34:15Z},
  urldate = {2017-04-18},
  howpublished = {\url{http://www.zaitokukai.info/}},
  journal = {Zaitokukai},
  author = {Zaitokukai.info},
  year = {2017},
  file = {在日特権を許さない市民の会 -:C\:\\Users\\stevie\\AppData\\Roaming\\Mozilla\\Firefox\\Profiles\\fkdd9tw5.default\\zotero\\storage\\7SW46J4X\\www.zaitokukai.info.html:text/html},
  groups = {Zaitokukai}
}

@book{anderson_imagined_2006,
  address = {London ; New York},
  edition = {Rev. ed},
  title = {Imagined Communities: Reflections on the Origin and Spread of Nationalism},
  isbn = {978-1-84467-086-4},
  lccn = {JC311 .A656 2006},
  shorttitle = {Imagined Communities},
  timestamp = {2017-04-18T09:52:56Z},
  publisher = {{Verso}},
  author = {Anderson, Benedict R. O'G},
  year = {2006},
  keywords = {History,Nationalism},
  groups = {theory}
}

@book{allison_precarious_2013,
  address = {Durham},
  title = {Precarious {{Japan}}},
  isbn = {978-0-8223-5548-9 978-0-8223-5562-5},
  lccn = {HC462.95 .A45 2013},
  timestamp = {2017-04-18T17:08:39Z},
  publisher = {{Duke University Press}},
  author = {Allison, Anne},
  year = {2013},
  keywords = {1989-,Economic conditions,Japan,Social conditions},
  annote = {Introduction : pain of life -- From lifelong to liquid Japan -- Ordinary refugeeism : poverty, precarity, youth -- Home and hope -- The social body? : in life and death -- Spinning the edges -- In the mud},
  groups = {theory}
}

@article{lea_computer-mediated_1991,
  title = {Computer-Mediated Communication, de-Individuation and Group Decision-Making},
  volume = {34},
  issn = {00207373},
  doi = {10.1016/0020-7373(91)90045-9},
  language = {en},
  timestamp = {2017-04-18T20:03:27Z},
  number = {2},
  urldate = {2017-04-18},
  journal = {International Journal of Man-Machine Studies},
  author = {Lea, Martin and Spears, Russell},
  month = feb,
  year = {1991},
  pages = {283--301},
  groups = {theory}
}

@article{turner_referent_1989,
  title = {Referent Informational Influence and Group Polarization},
  volume = {28},
  issn = {01446665},
  doi = {10.1111/j.2044-8309.1989.tb00855.x},
  language = {en},
  timestamp = {2017-04-18T20:25:18Z},
  number = {2},
  urldate = {2017-04-18},
  journal = {British Journal of Social Psychology},
  author = {Turner, John C. and Wetherell, Margaret S. and Hogg, Michael A.},
  month = jun,
  year = {1989},
  pages = {135--147},
  groups = {theory}
}

@incollection{gaffney_social_2016,
  title = {Social Identity and Social Influence},
  timestamp = {2017-04-18T22:21:24Z},
  urldate = {2017-04-18},
  booktitle = {The {{Oxford Handbook}} of {{Social Influence}}},
  author = {Gaffney, Amber M. and Hogg, Michael},
  month = may,
  year = {2016},
  file = {Social Identity and Social Influence.pdf:C\:\\Users\\stevie\\AppData\\Roaming\\Mozilla\\Firefox\\Profiles\\fkdd9tw5.default\\zotero\\storage\\7CFXB6K8\\Social Identity and Social Influence.pdf:application/pdf},
  groups = {theory}
}

@book{laclau_populist_2005,
  address = {London ; New York},
  title = {On Populist Reason},
  isbn = {978-1-85984-651-3},
  lccn = {JC423 .L253 2005},
  timestamp = {2017-04-19T16:45:28Z},
  publisher = {{Verso}},
  author = {Laclau, Ernesto},
  year = {2005},
  keywords = {Populism},
  annote = {Populism : ambiguities and paradoxes -- Le bon : suggestion and distorted representations -- Suggestion, imitation, identification -- The "people" and the discursive production of emptiness -- Floating signifiers and social heterogeneity -- Populism, representation and democracy -- Populist variations -- The saga of populism -- Obstacles and limits to the construction of the "people"},
  groups = {Populism}
}

@book{appadurai_modernity_1996,
  address = {Minneapolis, Minn},
  series = {Public worlds},
  title = {Modernity at Large: Cultural Dimensions of Globalization},
  isbn = {978-0-8166-2792-9 978-0-8166-2793-6},
  lccn = {HM101 .A644 1996},
  shorttitle = {Modernity at Large},
  timestamp = {2017-04-23T15:14:26Z},
  number = {v. 1},
  publisher = {{University of Minnesota Press}},
  author = {Appadurai, Arjun},
  year = {1996},
  keywords = {1950-,Civilization; Modern,Culture,Ethnicity,Mass media,Social aspects},
  groups = {theory}
}

@misc{_-korean_????,
  title = {De-{{Korean}} Wave by {{Fuji Television}}, or Not!?},
  timestamp = {2017-04-23T18:46:02Z},
  urldate = {2017-04-23},
  howpublished = {\url{http://white.ap.teacup.com/nishitatsu1234/2006.html}},
  journal = {～「Nishitatsu1234の帝国」～},
  file = {Snapshot:C\:\\Users\\stevie\\AppData\\Roaming\\Mozilla\\Firefox\\Profiles\\fkdd9tw5.default\\zotero\\storage\\7BZRRZSV\\2006.html:text/html},
  groups = {Nettouyoku}
}

@article{taka_twitter_2015-1,
  title = {{{日本語Twitterユーザーの中国人についての言説の計量的分析}} : コリアンについての言説との比較},
  issn = {0287-7082},
  timestamp = {2017-05-28T12:42:52Z},
  number = {53},
  journal = {人文学研究所報},
  author = {Taka, Fumiaki},
  month = mar,
  year = {2015},
  pages = {73--86},
  groups = {Nettouyoku}
}

@article{taka_twitter_2015,
  title = {Twitterにおけるコリアンに対する日本語でのレイシズム言説 : 高(2014)のさらなる分析 (日本人大学生における排外主義・ポピュリズム傾向の規定囚の検討)},
  issn = {1880-0807},
  timestamp = {2017-05-28T12:40:26Z},
  number = {17},
  journal = {龍谷大学国際社会文化研究所紀要},
  author = {Taka, Fumiaki},
  month = jun,
  year = {2015},
  pages = {89--102},
  groups = {Nettouyoku}
}

@misc{bbc_world_service_poll_2014_2014,
  title = {2014 {{Country Rating Poll}}},
  timestamp = {2017-05-06T14:56:09Z},
  urldate = {2017-05-06},
  author = {BBC World Service Poll},
  month = jun,
  year = {2014},
  file = {Microsoft Word - 2014_Country Rating Poll_Global Release_Final_May30 - 2014_country_rating_poll_bbc_globescan.pdf:C\:\\Users\\stevie\\AppData\\Roaming\\Mozilla\\Firefox\\Profiles\\fkdd9tw5.default\\zotero\\storage\\SVRXFCJ7\\2014_country_rating_poll_bbc_globescan.pdf:application/pdf},
  groups = {theory}
}

@article{morris-suzuki_re-imagining_2011,
  title = {Re-{{Imagining Japan}}-{{North Korea Relations}}},
  timestamp = {2017-05-06T15:45:53Z},
  urldate = {2017-05-06},
  journal = {The Japan Institute},
  author = {Morris-Suzuki, Tessa},
  year = {2011},
  file = {1_Re-Imagining_Part_I.pdf:C\:\\Users\\stevie\\AppData\\Roaming\\Mozilla\\Firefox\\Profiles\\fkdd9tw5.default\\zotero\\storage\\BCIEFSIT\\1_Re-Imagining_Part_I.pdf:application/pdf},
  groups = {theory}
}

@book{lie_zainichi_2008,
  address = {Berkeley},
  series = {Global, area, and international archive},
  title = {Zainichi ({{Koreans}} in {{Japan}}): Diasporic Nationalism and Postcolonial Identity},
  isbn = {978-0-520-25820-4},
  lccn = {DS832.7.K6 L54 2008},
  shorttitle = {Zainichi ({{Koreans}} in {{Japan}})},
  timestamp = {2017-05-06T16:00:50Z},
  publisher = {{University of California Press}},
  author = {Lie, John},
  year = {2008},
  note = {OCLC: ocn225871553},
  keywords = {Ethnic relations,Japan,Koreans},
  groups = {theory}
}

@misc{mutsuo_toi_higashinihon_2011,
  title = {東日本大震災の直後に広がった人種差別と「レイプ多発」というデマ},
  abstract = {東日本大震災（東北地方太平洋沖地震）直後の光景です。平然と人種差別を剥き出しにする人達。「阪神大震災下で強姦事件が多発した」というデマを拡散して不安を煽る人達。そしてこのドサクサになぜか宮台真司教..},
  timestamp = {2017-05-28T12:32:29Z},
  urldate = {2017-05-06},
  journal = {Togetter},
  author = {{mutsuo\_toi}},
  month = mar,
  year = {2011},
  note = {東日本大震災（東北地方太平洋沖地震）直後の光景です。平然と人種差別を剥き出しにする人達。「阪神大震災下で強姦事件が多発した」というデマを拡散して不安を煽る人達。そしてこのドサクサになぜか宮台真司教..},
  file = {Snapshot:C\:\\Users\\stevie\\AppData\\Roaming\\Mozilla\\Firefox\\Profiles\\fkdd9tw5.default\\zotero\\storage\\HGVWNISZ\\110490.html:text/html},
  groups = {Nettouyoku}
}

@misc{nanako_1892_zainichikankokujin_2014,
  title = {在日韓国人が東北震災で亡くなった日本人の戸籍を利用している。いわゆる「背のり」だ。},
  abstract = {在日韓国人が東北震災で亡くなった日本人の戸籍を利用している。いわゆる「背のり」だ。 「死んだはずの被災者」が、よその県で次々と他市町に転入届が出されているのである。 警察と公安は非常に神経を尖らせて、戸籍の...},
  timestamp = {2017-05-28T12:32:43Z},
  urldate = {2017-05-06},
  journal = {Yahoo! Japan},
  author = {{nanako\_1892}},
  month = jan,
  year = {2014},
  note = {在日韓国人が東北震災で亡くなった日本人の戸籍を利用している。いわゆる「背のり」だ。「死んだはずの被災者」が、よその県で次々と他市町に転入届が出されているのである。 警察と公安は非常に神経を尖らせて、戸籍の動きをチェックしていると 言われているが、死んだはず、あるいは行方不明のはずの人間が、なぜ 今になって生き返って戸籍を動かそうとしているのか。 最も危険なのは住民基本台帳が失われた宮城県南三陸町だ...},
  file = {Snapshot:C\:\\Users\\stevie\\AppData\\Roaming\\Mozilla\\Firefox\\Profiles\\fkdd9tw5.default\\zotero\\storage\\G9HJTRRQ\\q14119924654.html:text/html},
  groups = {Nettouyoku}
}

@misc{jooeun_great_2011,
  title = {The {{Great Kant{\=o} Earthquake}}, the {{Korean Massacre}} and Its {{Aftermath}}: {{The Responsibility}} of the {{Japanese Government}} and {{People}} | {{Harvard}}-{{Yenching Institute}}},
  timestamp = {2017-05-28T12:28:10Z},
  urldate = {2017-05-06},
  howpublished = {\url{https://www.harvard-yenching.org/the-great-kanto-earthquake}},
  author = {Jooeun, Noh},
  year = {2011},
  file = {The Great Kantō Earthquake, the Korean Massacre and its Aftermath\: The Responsibility of the Japanese Government and People | Harvard-Yenching Institute:C\:\\Users\\stevie\\AppData\\Roaming\\Mozilla\\Firefox\\Profiles\\fkdd9tw5.default\\zotero\\storage\\UGW63XCV\\the-great-kanto-earthquake.html:text/html},
  groups = {Nettouyoku}
}

@book{ogiue_kensho_2011,
  address = {T{\=o}ky{\=o}},
  edition = {Shohan},
  series = {K{\=o}bunsha shinsho},
  title = {Kensh{\=o} {{Higashi Nihon Daishinsai}} No Ry{\=u}gen, Dema},
  isbn = {978-4-334-03621-8},
  lccn = {HM1241 .O35 2011},
  timestamp = {2017-05-28T12:26:40Z},
  number = {518},
  publisher = {{K{\=o}bunsha}},
  author = {Ogiue, Chiki},
  year = {2011},
  note = {OCLC: ocn726818545},
  keywords = {Dema,Higashinihon daishinsai,Information networks,Japan,Rumor,Social aspects},
  groups = {Nettouyoku}
}

@article{catalinac_quantitative_2014,
  title = {Quantitative {{Text Analysis}} with {{Asian Languages}}: {{Some Problems}} and {{Solutions}}},
  volume = {1},
  shorttitle = {Quantitative {{Text Analysis}} with {{Asian Languages}}},
  timestamp = {2017-05-18T17:49:19Z},
  number = {1},
  urldate = {2017-05-18},
  journal = {Polimetrics},
  author = {Catalinac, Amy},
  year = {2014},
  pages = {14--17},
  file = {catalinac_from_polimetricsv1n1.pdf:C\:\\Users\\stevie\\AppData\\Roaming\\Mozilla\\Firefox\\Profiles\\fkdd9tw5.default\\zotero\\storage\\5IU7QWHR\\catalinac_from_polimetricsv1n1.pdf:application/pdf},
  groups = {theory}
}

@inproceedings{den_proper_2008,
  title = {A {{Proper Approach}} to {{Japanese Morphological Analysis}}: {{Dictionary}}, {{Model}}, and {{Evaluation}}.},
  shorttitle = {A {{Proper Approach}} to {{Japanese Morphological Analysis}}},
  timestamp = {2017-05-18T19:32:02Z},
  urldate = {2017-05-18},
  booktitle = {{{LREC}}},
  author = {Den, Yasuharu and Nakamura, Junpei and Ogiso, Toshinobu and Ogura, Hideki},
  year = {2008},
  file = {258_paper.pdf:C\:\\Users\\stevie\\AppData\\Roaming\\Mozilla\\Firefox\\Profiles\\fkdd9tw5.default\\zotero\\storage\\5XTB6U9A\\258_paper.pdf:application/pdf},
  groups = {theory}
}

@article{kim_ilbe_2013,
  title = {Ilbe and {{Japan}}'s {{Net Right}}: {{Resemblances Triggered}} by the {{Little Hatred}} and {{Despair}} in the {{Hearts}} of {{Ordinary People}}},
  shorttitle = {Ilbe and {{Japan}}'s {{Net Right}}},
  timestamp = {2017-05-28T12:23:14Z},
  urldate = {2017-05-19},
  author = {Kim, Jong-mok},
  month = jun,
  year = {2013},
  note = {Koreans insist everything is discrimination and demand the Japanese for concessions. We are now protesting against this filth, garbage, and these magg$\cdot\cdot\cdot$},
  file = {Snapshot:C\:\\Users\\stevie\\AppData\\Roaming\\Mozilla\\Firefox\\Profiles\\fkdd9tw5.default\\zotero\\storage\\QZWSBWVE\\khan_art_view.html:text/html},
  groups = {Nettouyoku}
}

@article{lew_politicization_2014,
  title = {Politicization of {{Online Neo}}-Nationalism in {{Korea}}, {{China}} and {{Japan}}},
  volume = {22},
  timestamp = {2017-05-19T23:20:53Z},
  number = {13},
  urldate = {2017-05-19},
  journal = {Institute of Korean Political Studies, Seoul National University},
  author = {Lew, Seok-jin and Cho, Hee-jung and Park, Seol-ah},
  year = {2014},
  pages = {62 -- 75},
  file = {Politicization of Online Neo-nationalism in Korea, China and Japan - \:\: KOREA FOCUS \:\::C\:\\Users\\stevie\\AppData\\Roaming\\Mozilla\\Firefox\\Profiles\\fkdd9tw5.default\\zotero\\storage\\HDGXAC4X\\content_print.html:text/html},
  groups = {Nettouyoku}
}

@article{matsutani_popyurizumu_2011,
  title = {ポピュリズムの台頭とその源泉 (特集 政党への幻滅の中の地方選--何が台頭するか)},
  issn = {05824532},
  timestamp = {2017-05-28T11:33:31Z},
  number = {815},
  journal = {Wereld},
  author = {Matsutani, Mitsuru},
  month = apr,
  year = {2011},
  pages = {133--141},
  groups = {Populism}
}

@article{rooduijn_measuring_2011,
  title = {Measuring {{Populism}}: {{Comparing Two Methods}} of {{Content Analysis}}},
  volume = {34},
  issn = {0140-2382, 1743-9655},
  shorttitle = {Measuring {{Populism}}},
  doi = {10.1080/01402382.2011.616665},
  language = {en},
  timestamp = {2017-05-23T18:04:42Z},
  number = {6},
  urldate = {2017-05-23},
  journal = {West European Politics},
  author = {Rooduijn, Matthijs and Pauwels, Teun},
  month = nov,
  year = {2011},
  pages = {1272--1283},
  file = {FWEP_A_616665 1272..1283 ++ - 01402382.2011.616665:C\:\\Users\\stevie\\AppData\\Roaming\\Mozilla\\Firefox\\Profiles\\fkdd9tw5.default\\zotero\\storage\\ZPK2QH64\\01402382.2011.pdf:application/pdf},
  groups = {Populism}
}

@article{engesser_populism_2017,
  title = {Populism and Social Media: How Politicians Spread a Fragmented Ideology},
  volume = {20},
  issn = {1369-118X, 1468-4462},
  shorttitle = {Populism and Social Media},
  doi = {10.1080/1369118X.2016.1207697},
  language = {en},
  timestamp = {2017-05-23T18:09:27Z},
  number = {8},
  urldate = {2017-05-23},
  journal = {Information, Communication \& Society},
  author = {Engesser, Sven and Ernst, Nicole and Esser, Frank and B{\"u}chel, Florin},
  month = aug,
  year = {2017},
  pages = {1109--1126},
  file = {Populism and social media\: how politicians spread a fragmented ideology - 1369118X.2016.1207697:C\:\\Users\\stevie\\AppData\\Roaming\\Mozilla\\Firefox\\Profiles\\fkdd9tw5.default\\zotero\\storage\\4SIQEXU5\\1369118X.2016.pdf:application/pdf},
  groups = {Populism}
}

@article{alvares_populism_2016,
  title = {Populism, Extremism and Media: {{Mapping}} an Uncertain Terrain},
  volume = {31},
  shorttitle = {Populism, Extremism and Media},
  timestamp = {2017-05-23T18:26:02Z},
  number = {1},
  urldate = {2017-05-23},
  journal = {European Journal of Communication},
  author = {Alvares, Claudia and Dahlgren, Peter},
  year = {2016},
  pages = {46--57},
  file = {0267323115614485:C\:\\Users\\stevie\\AppData\\Roaming\\Mozilla\\Firefox\\Profiles\\fkdd9tw5.default\\zotero\\storage\\BAM7EWUW\\0267323115614485.pdf:application/pdf},
  groups = {Populism}
}

@misc{furuya_can_2016,
  title = {Can {{Laws Control Japan}}'s {{Hate Epidemic}}?},
  timestamp = {2017-05-25T15:54:36Z},
  urldate = {2017-05-25},
  journal = {nippon.com},
  author = {Furuya, Tsunehira},
  month = aug,
  year = {2016},
  note = {On May 24, the National Diet finally took action to stem Japan's rising tide of racism and xenophobia with the nation's first law targeting hate speech. Furuya Tsunehira assesses the impact and limitations of this legislation and the challenges that remain if Japan is to control the pestilence in advance of the 2020 Tokyo Olympics.},
  file = {Snapshot:C\:\\Users\\stevie\\AppData\\Roaming\\Mozilla\\Firefox\\Profiles\\fkdd9tw5.default\\zotero\\storage\\Z95WN8MX\\d00224.html:text/html},
  groups = {Zaitokukai}
}

@book{mudde_populist_2007,
  address = {Cambridge, UK ; New York},
  title = {Populist {{Radical Right Parties}} in {{Europe}}},
  isbn = {978-0-521-85081-0 978-0-521-61632-4},
  lccn = {JN50 .M84 2007},
  timestamp = {2017-05-28T11:21:17Z},
  publisher = {{Cambridge University Press}},
  author = {Mudde, Cas},
  year = {2007},
  note = {OCLC: ocm76940059},
  keywords = {1945-,Conservatism,Europe,Political parties,Politics and Government,Populism,Right and left (Political science)},
  groups = {Populism}
}

@comment{jabref-meta: databaseType:bibtex;}
@comment{jabref-meta: groupstree:
0 AllEntriesGroup:;
1 ExplicitGroup:Nettouyoku\;0\;;
1 ExplicitGroup:Populism\;0\;;
1 ExplicitGroup:Sakurai\;0\;;
1 ExplicitGroup:theory\;0\;;
1 ExplicitGroup:Zaitokukai\;0\;;
}

